4170 6120
1163 1461 1333 1548 Incipit
1354 1460 1519 1526 relatio
1542 1460 1633 1524 sive
1657 1458 1905 1545 descriptio
1929 1458 1980 1526 de
2003 1461 2046 1525 in

1249 1568 1489 1635 novatione
1513 1566 1712 1633 Ecclesie
1743 1567 1889 1632 sancti
1924 1567 2046 1632 Gemi

1249 1676 1370 1741 niani
1405 1675 1666 1739 mutinensis
1700 1673 1894 1759 presulis
1929 1694 1976 1739 ac
2012 1674 2047 1738 d«

1249 1780 1547 1848 translatione
1581 1781 1650 1846 vel
1681 1781 1958 1846 revelatione
1989 1802 2047 1846 set

1249 1890 1381 1954 etiam
1408 1888 1750 1954 consecratione
1780 1887 1874 1952 eius
1903 1886 2046 1952 beatis

1248 1997 1345 2062 simi
1380 1995 1581 2080 corporis
1616 2017 1636 2060 a
1668 1996 1823 2061 domno
1854 1993 2042 2060 Paschal

1248 2113 1399 2169 sancte
1427 2121 1601 2166 romane
1624 2101 1753 2168 Sedis
1775 2121 1933 2167 summo
1956 2099 2045 2166 Pon

1248 2210 1380 2276 titice
1412 2208 1660 2296 diligenter
1690 2208 1928 2274 celebrata.

135 2427 176 2492 10
294 2426 453 2494 Decessit
490 2425 611 2491 beatus
650 2424 877 2493 Geminianus
919 2427 1105 2514 episcopus
1247 2434 1352 2513 Quia,
1376 2433 1504 2499 fratres
1527 2431 1711 2510 karissimi,
1736 2432 1780 2499 de
1802 2431 1875 2498 vita
1899 2443 1934 2499 et
1957 2433 2044 2498 mori

205 2532 406 2601 mutinensis
427 2534 464 2598 in
488 2553 577 2600 anno
594 2532 658 2599 349
675 2542 711 2597 et
732 2531 886 2619 Sepultus
906 2532 973 2599 fuit
994 2535 1031 2598 in
1046 2554 1105 2600 00·
1159 2543 1233 2623 bus,
1257 2541 1302 2609 de
1332 2540 1479 2606 transitu
1509 2549 1545 2605 et
1575 2537 1751 2604 miraculis
1781 2539 1988 2605 sanctissimi
2019 2561 2046 2605 a«

204 2641 312 2708 clesia
336 2639 527 2708 cathedrali
544 2638 655 2706 veteri
669 2637 803 2706 Mutine
826 2640 863 2705 in
879 2642 1027 2728 quadam
1051 2662 1105 2708 ar·
1158 2670 1296 2736 semper
1328 2645 1518 2712 venerandi
1554 2645 1662 2732 patris
1696 2646 1816 2724 nostri,
1848 2646 2046 2733 gloriosiqut

204 2747 273 2814 cha
295 2765 419 2834 magna
433 2745 454 2812 ¹·
1159 2755 1367 2823 confessoris
1389 2752 1520 2820 Christi
1543 2753 1751 2830 Geminiani,
1775 2752 1977 2818 mutinensis
2001 2774 2047 2819 eo

1159 2862 1264 2929 clesie
1287 2859 1445 2948 presulis,
1468 2858 1538 2923 iam
1562 2858 1669 2924 multa
1693 2857 1896 2936 audivimus,
1913 2869 1948 2925 et
1971 2860 2047 2925 anti·

132 2974 172 3039 15
1158 2987 1304 3055 quorum
1326 2963 1495 3031 relatione
1512 2974 1615 3050 atque
1632 2963 1799 3030 librorum
1813 2964 2047 3031 testificationi

1159 3084 1301 3160 experta
1324 3071 1560 3160 cognovimus,
1576 3072 1658 3136 satis
1673 3071 1818 3158 dignum
1834 3071 2005 3149 duximus,
2022 3095 2047 3137 u·

1159 3201 1226 3269 que
1249 3179 1376 3246 nostris
1398 3177 1611 3263 temporibus
1629 3178 1672 3245 de
1688 3178 1763 3266 ejus
1786 3177 1958 3244 benefitiis
1968 3177 2047 3244 vidi·

1047 3284 1058 3299 ‘
1158 3308 1244 3365 mus,
1276 3286 1321 3354 ad
1343 3285 1556 3372 presentium
1580 3296 1616 3350 et
1638 3286 1833 3350 futurorum
1858 3286 2047 3350 memorias

1158 3415 1294 3480 semper
1315 3392 1525 3468 veneranda,
1548 3411 1612 3478 pro
1635 3403 1676 3458 ut
1696 3412 1847 3478 superna
1874 3391 2048 3458 dictaveri⁴

1158 3501 1342 3568 clementia
1366 3498 1488 3565 litteris
1510 3497 1760 3564 intexeremus:
1784 3520 1829 3563 ne
1852 3499 1882 3564 si
1905 3499 1996 3565 forte
2012 3500 2048 3564 si·

982 3664 986 3671 .
1156 3607 1264 3673 lentio
1286 3615 1497 3692 tegerentur,
1519 3603 1603 3671 inde
1627 3604 1765 3692 gravius
1787 3604 2031 3671 iudicaremur.

490 3712 578 3779 Cum
609 3713 820 3800 septingenti
851 3714 1102 3802 quinquaginta
1245 3714 1317 3779 Iam
1331 3732 1415 3778 vero
1439 3712 1531 3797 quia,
1547 3723 1635 3778 teste
1658 3713 1842 3798 scriptura,
1858 3714 2048 3800 septingen-

203 3819 284 3884 anni
299 3830 336 3884 et
351 3817 498 3905 amplius
520 3819 735 3885 transiissent
758 3821 851 3906 quod
870 3831 972 3906 pater
986 3830 1104 3886 noster
1156 3831 1269 3887 torum
1292 3819 1541 3906 quinquaginta
1572 3829 1608 3885 et
1637 3840 1679 3885 eo
1710 3818 1858 3905 amplius
1888 3840 2049 3885 annorum

203 3927 425 3994 Geminianus
447 3948 467 3992 e
497 3926 584 3998 vivis
607 3925 779 4016 migravit,
804 3926 953 3994 ecclesia
974 3929 1011 3993 in
1034 3949 1102 4015 qua
1155 3927 1366 3993 transierunt
1390 3925 1573 4002 curricula,
1587 3924 1681 4010 quod
1702 3926 1778 4011 ipse
1801 3924 1980 4010 predictus
1995 3949 2049 4012 pa·

127 4039 171 4104 25
203 4055 328 4120 corpus
350 4055 449 4100 suum
473 4054 493 4098 a
516 4043 635 4099 sancto
658 4032 788 4100 Severo
815 4035 1000 4103 undecimo
1028 4033 1101 4101 Ra·
1155 4044 1210 4099 ter
1235 4042 1353 4099 noster
1376 4032 1600 4097 Geminianus
1631 4033 1675 4098 de
1705 4032 1773 4099 hac
1803 4033 1956 4118 presenti
1987 4033 2049 4100 vita

290 4378 298 4412 ¹
317 4381 447 4446 Seguono
467 4381 520 4432 due
538 4381 609 4432 altre
622 4381 755 4433 notiziole
767 4380 820 4432 cire
833 4382 858 4432 si
872 4394 976 4447 posson
989 4381 1099 4448 leggere
1153 4379 1168 4408 “
1179 4380 1277 4432 Sancti
1295 4379 1336 4431 Io.
1355 4378 1505 4446 Baptiste:'
1522 4379 1666 4429 intrarunt
1684 4378 1843 4428 civitatem:
1869 4379 1989 4443 expulsis
2014 4383 2050 4447 gi

199 4464 277 4515 nella
296 4465 406 4528 stampe
423 4463 469 4514 del
487 4464 611 4515 Tassoni
629 4466 689 4527 cit„
708 4479 735 4531 p.
757 4479 781 4527 1,
794 4463 850 4515 col.
866 4478 889 4516 1.
925 4465 968 4515 La
980 4463 1100 4514 seconde
1154 4463 1168 4492 “
1180 4464 1323 4528 bellinis,.
1360 4463 1390 4513 Si
1409 4463 1578 4527 comprende
1596 4476 1647 4527 per
1665 4463 1746 4526 quale
1760 4461 1877 4530 ragione
1890 4462 1972 4513 siano
1985 4466 2050 4516 stat<

199 4546 228 4596 dl
246 4558 314 4607 esse,
331 4545 483 4597 cancellata
492 4546 529 4597 da
546 4546 644 4597 alcuna
662 4547 742 4613 righe
753 4546 925 4609 tractemuli,
939 4545 1017 4597 dicer
1031 4545 1045 4574 “
1057 4547 1100 4597 De
1152 4547 1303 4599 cancellate
1315 4548 1411 4612 queste
1422 4545 1504 4597 linee.
1541 4546 1582 4595 La
1595 4546 1704 4596 notizia
1716 4545 1785 4595 deve
1799 4548 1984 4612 appartencre
1998 4562 2050 4597 not

200 4629 214 4657 ‘⁴
225 4645 303 4682 anno
321 4629 372 4696 367
392 4629 482 4682 Guelfi
501 4630 673 4682 mutinenses
691 4630 800 4699 expulsi
818 4644 835 4680 a
854 4629 1005 4682 Gibellinis
1023 4643 1101 4694 cepe·
1153 4627 1201 4697 gii
1221 4630 1312 4681 alian.
1331 4628 1391 4696 367,
1413 4642 1458 4678 ma
1476 4629 1569 4678 all’an.
1592 4626 1659 4694 1367
1676 4643 1692 4678 e
1709 4625 1767 4692 pub
1780 4642 1870 4679 essere
1883 4631 1959 4680 stata
1971 4630 2050 4680 collo·

155 4729 169 4779 ς
200 4711 214 4738 “
226 4713 295 4761 runt
311 4711 452 4762 ecclesIam
469 4725 533 4762 cum
558 4712 649 4778 burgo
676 4711 822 4762 cittanove
847 4725 934 4778 prope
959 4711 1100 4761 Mutinam
1154 4717 1216 4765 cata
1243 4716 1292 4780 qui
1316 4728 1365 4779 per
1390 4726 1492 4763 errore.
1529 4713 1571 4761 La
1599 4711 1749 4763 “Societas
1773 4712 1935 4778 Anglorum
1947 4750 1961 4777 „
1988 4713 2050 4766 dev<

200 4793 214 4820 “
226 4792 304 4846 circa
321 4796 442 4860 quatuor
461 4793 599 4846 miliaria:
625 4797 654 4847 et
675 4795 716 4847 lbi
740 4796 941 4847 castrametati
960 4796 1027 4847 sunt
1051 4809 1102 4862 per
1155 4797 1341 4850 identificarsi
1359 4812 1413 4849 con
1433 4810 1489 4851 una
1507 4797 1675 4867 compagnia
1694 4796 1725 4847 di
1742 4798 1871 4851 ventura.

200 4880 214 4906 “
225 4893 312 4930 unum
331 4894 456 4932 mensem
475 4883 503 4931 et
515 4879 623 4932 auxilio
637 4879 790 4932 Societatis
802 4879 959 4946 Anglorum
973 4881 1004 4928 in
1018 4881 1101 4931 nocte
