4524 6968
914 398 1107 474 SANCTI
1135 395 1421 475 GEMINIANI
2073 399 2093 480 7

1197 663 1327 748 prefati
1352 663 1461 750 patris
1499 663 1605 730 nostri
1635 664 1829 732 translatio:
1861 684 1929 751 que
1960 666 2100 753 quidem

1198 761 1442 849 gloriosissime
1454 763 1739 850 factaestpridie
1751 762 1978 832 kalendarum
1990 766 2098 833 maia·

1198 885 1286 944 rum,
1309 863 1578 933 amministrante
1601 865 1763 934 Domino.

330 967 385 1034 De
394 968 511 1035 altaris
522 988 661 1057 quoque
673 968 836 1054 prelibati
847 967 1054 1037 sanctissimi
1066 988 1145 1035 cor·
1285 967 1340 1033 De
1356 967 1474 1034 altaris
1488 989 1628 1057 quoque
1640 969 1804 1054 prelibati
1818 970 2004 1038 santissimi
2020 992 2097 1040 cor-

191 1078 213 1144 5
243 1070 617 1156 poriseonsecratioue,
626 1070 720 1139 inter
730 1072 913 1159 episcopos
924 1068 1096 1158 siquidem
1108 1080 1146 1135 et
1197 1069 1292 1155 poris
1314 1070 1588 1150 consecratione,
1610 1071 1701 1136 inter
1730 1072 1913 1159 episcopos
1927 1073 2098 1161 siquidem

243 1172 493 1240 Mutinensium
516 1173 621 1252 cives,
637 1194 708 1241 non
725 1175 862 1242 modica
885 1174 924 1242 fit
946 1172 1142 1247 altercatioz
1197 1182 1235 1237 et
1255 1170 1504 1238 Mutinensium
1528 1173 1622 1238 cives
1643 1193 1713 1240 non
1736 1174 1873 1242 modica
1897 1175 1936 1242 fit
1952 1177 2098 1243 alterca-

243 1275 326 1362 quia
348 1274 504 1361 presules
528 1276 602 1343 eius
624 1275 789 1364 reliquias
810 1276 967 1343 relevare
987 1275 1143 1363 cupiunt,
1197 1273 1262 1350 tio;
1286 1272 1368 1360 quia
1390 1274 1545 1359 presules
1569 1275 1644 1340 eius
1665 1273 1843 1362 relliquias
1863 1277 2020 1344 revelare
2037 1299 2097 1345 cu·

243 1377 339 1444 cives
362 1390 476 1444 autem
500 1390 535 1444 et
558 1380 669 1447 omnis
692 1380 840 1467 popolus
851 1380 917 1446 hec
940 1400 984 1445 ex
999 1390 1073 1446 toto
1088 1399 1144 1443 re·
1198 1375 1308 1462 piunt,
1340 1374 1435 1442 cives
1459 1387 1573 1443 autem
1595 1390 1632 1444 et
1658 1378 1770 1444 omnis
1791 1380 1942 1467 populus
1964 1382 2032 1448 hoc
2054 1403 2098 1446 ex

243 1491 364 1546 nuunt
388 1479 557 1559 Queritur
570 1501 656 1569 ergo
677 1483 848 1569 principis
869 1481 1052 1549 Matbildis
1066 1502 1144 1548 sen·
1197 1490 1270 1546 toto
1285 1489 1444 1545 renuunt
1474 1475 1643 1557 Queritur
1664 1501 1749 1568 ergo
1771 1481 1942 1570 principis
1956 1483 2098 1550 Mathil·

170 1596 214 1661 10
242 1583 362 1660 tentia,
386 1603 454 1670 que
478 1583 630 1671 quidem,
653 1584 758 1652 sicuti
773 1585 893 1652 decuit
907 1596 944 1652 et
958 1596 997 1652 ut
1017 1583 1144 1672 prede·
1199 1581 1251 1648 dis
1266 1581 1455 1657 sententia;
1480 1603 1548 1669 que
1572 1584 1727 1670 quidem,
1750 1585 1841 1651 sicut
1856 1585 1985 1663 decuit,
2002 1597 2038 1653 et
2060 1598 2099 1651 ut

242 1684 405 1751 stinatum
428 1685 555 1765 fuerat,
576 1686 655 1774 ipso
678 1707 818 1775 quoque
841 1688 910 1753 iam
926 1687 1143 1774 disponente,
1196 1683 1470 1768 predestinatum
1485 1684 1611 1764 fuerat,
1622 1687 1700 1772 ipso
1714 1707 1864 1775 quoque,
1876 1699 1914 1755 ut
1925 1688 2098 1755 credimus

241 1785 362 1853 sedem
377 1788 615 1873 pronuntiavit
631 1790 856 1876 apostolicam
879 1789 1143 1876 expectandam,
1196 1783 1266 1849 iam
1297 1784 1511 1872 disponente,
1535 1787 1655 1852 sedem
1685 1789 1882 1873 prenotavit
1911 1802 2099 1876 expectan-

242 1888 452 1956 denuntians
466 1890 534 1958 hoc
551 1911 641 1958 auno
657 1903 840 1958 venturam
854 1912 930 1958 esse
945 1893 982 1956 in
998 1891 1142 1958 Italiam.
1198 1886 1281 1952 dum
1292 1887 1536 1973 apostolicam:
1554 1888 1762 1956 denuntians
1773 1891 1840 1957 hoc
1857 1891 1893 1956 in
1910 1912 1998 1959 auno
2014 1912 2099 1957 ven·

242 1990 321 2059 Hoc
343 1992 463 2081 itaque
477 2006 641 2082 suscepto
656 1995 813 2075 consilio,
825 2006 861 2062 et
875 1993 997 2082 populi
1012 1995 1144 2083 quievit
1196 1999 1309 2054 turam
1332 2011 1407 2056 esse
1439 1989 1475 2054 in
1503 1990 1649 2058 Italiam.
1696 1992 1774 2060 Hoc
1796 1993 1914 2082 itaque
1937 2005 2098 2080 suscepto

172 2106 213 2173 15
243 2093 388 2173 sedicio,
410 2094 585 2182 presulmn
601 2116 742 2184 quoque
758 2109 794 2163 et
810 2096 937 2164 civium
953 2096 1073 2164 sedata
1091 2105 1145 2162 est
1197 2092 1352 2170 consilio,
1376 2104 1413 2160 et
1434 2093 1642 2180 populorum
1665 2096 1797 2183 quievit
1817 2097 1953 2175 seditio,
1977 2119 2097 2185 presu-

244 2194 436 2264 altercatio.
1196 2193 1268 2258 lum
1283 2214 1421 2281 quoque
1444 2207 1481 2261 et
1496 2196 1625 2261 civium
1639 2197 1759 2265 sedata
1783 2210 1836 2265 est
1851 2199 2042 2266 altercatio.

453 2299 601 2379 Interea,
617 2301 735 2368 diviua
750 2303 988 2370 misericordia
1003 2322 1142 2369 romane
1287 2297 1434 2377 interea,
1448 2298 1565 2366 divina
1577 2313 1742 2385 operante
1755 2300 2005 2381 misericordia,
2021 2323 2100 2368 san·

243 2399 402 2469 Ecclesie
425 2402 542 2488 presul
565 2402 719 2470 iamiam
742 2416 908 2492 properat
930 2405 975 2472 ad
997 2405 1142 2471 Italiam.
1198 2413 1254 2468 cte
1276 2420 1417 2465 romane
1434 2399 1536 2467 Sedis
1557 2402 1675 2487 presul
1691 2403 1758 2466 iam
1779 2404 1850 2468 iam
1872 2403 2044 2490 gradatim
2063 2415 2100 2471 et

245 2499 353 2570 Cuius
364 2503 506 2591 quidem
528 2504 696 2572 adventus
713 2506 795 2573 dum
808 2508 901 2574 inter
914 2528 978 2575 nos
993 2528 1075 2574 vere
1090 2507 1144 2571 in·
1198 2503 1368 2570 obstinate
1390 2514 1555 2588 properat
1571 2504 1617 2569 ad
1632 2504 1778 2569 Italiam.
1825 2502 1933 2571 Cuius
1955 2506 2096 2592 quidem

168 2625 216 2689 20
243 2604 874 2693 notuitoquanteleticie,quantique
887 2606 1144 2696 gaudijnostris
1199 2604 1365 2671 adventus
1395 2603 1478 2670 dum
1508 2603 1599 2671 inter
1628 2626 1691 2672 nos
1721 2627 1802 2672 vere
1832 2607 1993 2687 innotuit,
2024 2629 2046 2675 o
2077 2630 2098 2674 o

244 2705 409 2774 cordibus
430 2719 713 2794 supervenerunt
758 2706 970 2797 Preparatur
992 2711 1143 2798 denique
1198 2716 1326 2793 quante
1349 2702 1469 2783 letitie,
1494 2707 1682 2793 quantique
1705 2706 1825 2794 gaudii
1840 2720 1958 2775 notum
1975 2708 2099 2776 nostris

244 2819 430 2896 apparatus
442 2809 613 2897 copiosus,
621 2822 827 2897 expectatur
835 2822 953 2899 pastor
963 2812 1142 2901 gloriosus
1198 2806 1362 2874 cordibus
1377 2806 1557 2892 imposuitl
1592 2807 1804 2895 Preparatur
1826 2810 1976 2899 denique
1992 2832 2099 2898 appa·

244 2912 357 2979 Adest
378 2911 498 2998 itaque
521 2931 601 2978 cum
623 2912 878 3001 episcoporum,
905 2914 1143 2993 cardinalium,
1196 2920 1293 2976 ratus
1323 2906 1499 2995 copiosum
1535 2921 1740 2996 expectatur
1769 2924 1888 2998 pastor
1916 2912 2098 3002 gloriosus.

244 3013 418 3092 abbatum,
442 3014 701 3095 monachorum,
717 3028 982 3105 ceterorumque
998 3018 1145 3085 clerico-
1198 3009 1310 3078 Adest
1339 3012 1457 3098 itaque
1480 3032 1560 3078 cum
1583 3013 1827 3100 episcoporum
1853 3015 2100 3083 cardinalium·

168 3112 216 3181 25
244 3136 323 3182 rum
343 3127 381 3183 et
402 3115 571 3184 laicorum
593 3118 742 3185 maxima
763 3119 866 3186 turba
888 3118 1054 3187 Pontifex
1076 3117 1144 3186 Pa·
1198 3134 1278 3201 que,
1291 3112 1464 3192 abbatum,
1478 3113 1736 3195 monachorum,
1750 3130 2015 3206 ceterorumque
2028 3117 2099 3184 cle·

246 3217 359 3285 scalis.
403 3217 518 3285 Adest
538 3230 575 3285 et
596 3221 762 3308 princeps
777 3221 961 3290 Matbildis
975 3243 1056 3289 cum
1071 3243 1144 3288 ma·
1198 3217 1360 3295 ricorum,
1383 3235 1444 3281 seu
1467 3214 1635 3283 laicorum
1660 3216 1822 3301 [maxima
1843 3219 1969 3305 turbal,
1995 3239 2101 3285 vene·

244 3339 316 3407 gno
338 3321 506 3399 exercitu,
529 3341 723 3410 magnaque
746 3345 825 3391 cum
847 3326 1052 3403 reverentia,
1068 3326 1145 3391 huit
1196 3317 1316 3393 rabilis
1326 3329 1447 3385 sancte
1462 3338 1605 3387 romane
1622 3318 1725 3388 Sedis
1739 3319 1893 3388 Pascalis
1904 3320 2100 3409 episcopus.

244 3433 340 3489 tante
356 3421 487 3510 talique
510 3423 562 3490 rei
586 3424 754 3493 adhibens
777 3427 1006 3516 diligentiam.
1051 3427 1145 3495 Con·
1198 3419 1327 3510 Magno
1351 3420 1508 3488 exercitu
1531 3421 1631 3488 adest
1652 3433 1690 3488 et
1712 3421 1877 3509 princeps
1907 3421 2100 3500 Mathildhs

245 3526 359 3592 fertur
384 3544 470 3613 ergo
502 3538 580 3592 ante
607 3524 813 3594 Pontificem
836 3529 929 3596 inter
950 3531 1144 3618 episcopos,
1197 3542 1331 3587 summa
1353 3542 1433 3590 cum
1455 3523 1651 3589 reverentia
1672 3522 1754 3590 huic
1775 3535 1872 3591 tanto
1894 3523 2026 3611 talique
2049 3522 2100 3589 rei

169 3637 217 3701 30
244 3627 442 3695 cardinales
454 3627 612 3707 clericos,
627 3650 689 3695 seu
705 3632 871 3716 populum
888 3633 933 3698 de
949 3634 1067 3700 altaris
1082 3631 1145 3699 de·
1199 3622 1366 3690 adhibens
1397 3623 1626 3712 diligentiam·
1670 3623 1861 3692 Confertur
1891 3644 1986 3712 8180,
2019 3635 2099 3690 ante

245 3730 437 3808 dicatione;
455 3732 635 3799 confertur
655 3752 700 3798 ex
716 3733 760 3800 de
776 3735 888 3802 sancti
910 3737 1068 3822 corporis
1088 3757 1143 3802 re·
1198 3724 1438 3811 1Ρο11011011111,
1454 3725 1547 3793 inter
1562 3727 1757 3814 epiflcopots
1769 3728 1964 3795 cardinales
1977 3737 2013 3793 et
2027 3728 2100 3794 cle·

243 3835 428 3914 velatione,
463 3855 609 3923 quorum
643 3837 784 3925 quidem
818 3840 1007 3919 sentencia,
1040 3850 1146 3927 prout
1198 3828 1300 3906 ricos,
1333 3848 1395 3893 ⁸⁶¹1
1428 3827 1604 3915 populum,
1637 3830 1680 3897 de
1712 3829 1829 3898 11111111
1860 3829 2099 3903 dedication&

245 3937 405 4005 volunta,
427 3949 482 4004 at
511 3938 699 4017 hominum,
731 3941 898 4007 dividitur
919 3942 956 4007 in
978 3940 1142 4028 plurima:
1199 3929 1380 3995 confertur
1408 3941 1445 3997 et
1475 3931 1520 3996 de
1550 3932 1663 3998 sancti
1695 3934 1851 4019 corporis
1876 3931 2100 3999 revelatione.

242 4040 397 4116 tandem,
408 4051 549 4126 reperto
571 4041 750 4120 conscilio,
774 4041 819 4108 de
841 4042 964 4109 ordine
986 4042 1144 4121 militum,
1200 4027 1358 4107 Quorum
1383 4029 1523 4118 quidem
1539 4033 1723 4112 sententia,
1739 4053 1803 4119 pro
1818 4045 1859 4100 ut
1871 4033 2032 4100 voluntas
2048 4042 2102 4099 est

170 4150 216 4219 35
245 4162 307 4208 „u
331 4141 470 4221 civium,
492 4141 716 4210 iureiurando
746 4155 896 4230 pomum
916 4143 1034 4231 plum
1057 4145 1144 4210 affir.
1198 4127 1387 4207 hominum,
1403 4128 1570 4197 dividitur
1592 4131 1629 4196 in
1652 4132 1812 4218 plurima
1857 4131 2028 4210 Tandem,
2045 4152 2100 4197 re·

245 4263 340 4309 mare
372 4243 548 4311 custodire
575 4256 612 4310 et
639 4245 782 4323 salvare,
806 4266 850 4311 ue
874 4247 910 4310 in
933 4245 1143 4314 revelatione
1198 4241 1297 4315 Ρθῐῒθ
1321 4231 1480 4309 0111111110,
1496 4232 1540 4297 de
1557 4232 1678 4299 Ordine
1696 4232 1854 4314 militum,
1871 4234 1944 4300 1111
1961 4234 2100 4311 civium,

246 4345 369 4432 aliquis
390 4347 594 4414 temerarius
616 4348 703 4413 tanti
718 4346 833 4413 Patris
844 4348 1009 4434 reliquias
1023 4371 1145 4436 presu-
1198 4333 1599 4419 i¹¹¹4211¹¹³¹¹d⁰ll0⁸⁰¹¹¹¹t
1620 4335 1738 4421 Plures
1754 4335 1933 4415 1311111118,
1950 4337 2102 4404 custodi·

245 4458 317 4514 mat
346 4447 488 4515 violare,
534 4448 759 4538 1mntefgo
783 4449 827 4515 de
852 4449 974 4517 ordine
998 4449 1145 4516 militum
1198 4454 1237 4498 re
1260 4445 1297 4499 et
1318 4435 1463 4513 salvare,
1486 4457 1529 4502 ne
1552 4438 1589 4502 in
1611 4437 1824 4506 revelatione
1849 4437 1977 4525 aliquis
1992 4451 2102 4504 teme-

245 4569 307 4614 ,εχ
328 4549 406 4628 vifi,
429 4549 546 4617 iurant
567 4561 603 4617 et
627 4551 670 4616 de
694 4550 828 4618 civibus
851 4551 904 4618 bis
921 4554 1029 4618 mni,
1076 4552 1144 4618 Le.
1199 4537 1309 4600 rarius
1327 4538 1414 4602 tanti
1437 4536 1553 4606 Patris
1576 4539 1739 4625 reliquias
1762 4552 1938 4626 presumat
1960 4539 2099 4606 violare.

169 4659 217 4724 ⁴0
244 4661 346 4716 vatur
367 4669 452 4739 ergo
475 4649 563 4737 lapi„
584 4663 621 4717 et
635 4672 753 4717 mensa
776 4653 1002 4738 superpoflitq
1019 4673 1144 4740 magna
1199 4639 1317 4706 Iurant
1339 4661 1424 4728 ergo
1448 4643 1492 4707 de
1510 4643 1631 4709 ordine
1649 4643 1796 4710 militum
1812 4666 1872 4710 sex
1888 4644 1965 4724 viri,
1986 4645 2102 4709 iurant

246 4772 324 4818 cum
347 4752 560 4828 reverenti„
583 4753 757 4820 invenitur
772 4764 809 4820 et
825 4754 891 4819 alia
913 4754 1144 4841 subterposita
1199 4752 1235 4806 et
1258 4742 1302 4806 de
1326 4743 1460 4810 civibus
1476 4744 1628 4811 bisseni.
1671 4744 1826 4812 Levatur
1848 4767 1932 4834 ergo
1956 4747 2042 4831 lapis
2066 4755 2102 4810 et

247 4853 352 4919 multa
365 4875 443 4921 cum
460 4852 658 4941 ᾱὶιῑςειιιίαε
676 4855 727 4920 sic
742 4854 860 4942 itaque
877 4855 1061 4922 multorum
1078 4857 1145 4922 fuit
1199 4863 1317 4909 mensa
1351 4847 1578 4932 superposita,
1615 4867 1740 4934 magna
1775 4868 1854 4914 cum
1888 4849 2100 4920 reverentiar

246 4976 315 5020 una
336 4957 524 5023 dementia}
539 4976 609 5023 non
627 4955 773 5043 amplius
788 4957 1055 5043 perscrutandas
1069 4977 1144 5023 eme
1200 4946 1374 5013 invenitur
1396 4960 1433 5015 et
1455 4947 1522 5014 alia
1545 4949 1778 5035 suplerposita
1796 4951 1902 5016 muita
1919 4971 1998 5015 cum
2022 4949 2101 5015 diii·

246 5057 420 5144 reliquias,
462 5058 535 5125 Sed
550 5079 594 5124 ne
611 5058 715 5124 alicui
737 5058 856 5136 infido,
873 5071 932 5125 aut
954 5061 1070 5126 cordis
1087 5080 1145 5126 ce-
1200 5051 1327 5135 gentia.
1374 5049 1433 5115 Sic
1456 5051 1574 5137 itaque
1598 5051 1782 5117 multorum
1799 5073 1867 5117 una
1883 5053 1949 5117 fuit
1964 5063 2102 5118 benten·

167 5165 216 5231 45
248 5159 353 5226 citato
376 5159 560 5227 obscurato
592 5161 708 5246 aliqua
738 5172 933 5227 remaneret
963 5160 1145 5238 dubitatio,
1199 5151 1267 5227 11ὃὲ
1291 5152 1525 5238 11011111ρῦ118
1541 5173 1616 5218 0⁸⁸0
1632 5156 1902 5238 pemerutandat
1915 5154 2101 5241 relliquin·

247 5261 365 5327 divina
387 5262 538 5349 quidem,
555 5275 594 5328 ut
609 5263 794 5341 credimus,
811 5275 976 5349 operante
993 5264 1145 5330 clemen·
1200 5252 1282 5330 Sed,
1298 5274 1343 5318 ne
1359 5253 1462 5319 alicui
1474 5254 1593 5331 infido,
1607 5267 1666 5320 alli
1683 5257 1799 5322 cordi!
1815 5256 1965 5322 cecitate
1979 5256 2103 5323 01»ου-

247 5364 305 5439 ris,
319 5383 464 5450 quorum
488 5365 584 5450 prius
608 5365 751 5430 adverse
775 5366 917 5431 fuerunt
939 5365 1145 5443 voluntates,
1200 5365 1287 5433 rato,
1312 5354 1425 5442 aliqua
1447 5369 1644 5422 remaneret
1675 5358 1858 5435 dubitatio,
1886 5358 2004 5424 divina
2027 5356 2103 5445 qui·

247 5465 314 5530 iam
336 5465 373 5531 in
398 5486 502 5532 unum
533 5468 744 5532 conveniunt
771 5487 932 5544 amorem,
965 5466 1010 5532 ad
1040 5488 1146 5532 unum
1201 5456 1291 5532 dem,
1323 5466 1362 5520 ut
1393 5458 1578 5534 credimub
1606 5471 1773 5545 Operante
1797 5459 1993 5537 clementia,
2017 5478 2103 5546 qu0·

247 5567 394 5634 redeunt
418 5568 584 5636 favorem,
1199 5577 1276 5621 rum
1298 5558 1395 5642 prius
1419 5559 1563 5624 adverse
1588 5561 1726 5626 fuerant
1748 5559 1952 5638 voluntates,
1975 5560 2102 5626 iamin

168 5653 219 5719 50
1200 5679 1307 5724 unum
1330 5661 1543 5727 conveniunt
1570 5682 1733 5740 amorem,
1759 5663 1804 5727 ad
1828 5683 1931 5727 unum
1955 5662 2103 5729 redeunt

1201 5761 1367 5828 favorem.

609 5863 707 5946 Quid
729 5863 859 5932 multa?
891 5867 1043 5934 faciente
1074 5865 1146 5930 Do-
1290 5861 1388 5940 Quid
1411 5865 1541 5933 multa?
1571 5867 1736 5935 Faciente
1760 5867 1887 5935 domno
1909 5866 2103 5952 apostolico
