4524 6968
337 428 360 501 b
590 490 594 499 .
766 426 1000 502 RELATIO
1028 424 1461 502 TRANSLATIONIS
1489 427 1750 503 CORPORIS

333 691 555 768 beneficium
579 704 616 759 et
637 693 716 769 iam,
740 691 857 757 divina
878 691 1019 756 favente
1035 689 1230 767 clementia,
1329 750 1332 759 .
1375 692 1447 758 lam
1469 694 1609 781 iamque
1631 704 1703 773 tua,
1726 693 1850 774 Criste,
1874 695 2015 762 favente
2037 692 2189 760 clemen·

333 797 378 862 ad
407 795 476 863 hoc
501 796 673 883 prolatum
695 805 748 862 eat
770 816 867 882 opus,
892 794 1034 862 artificis
1055 794 1171 861 studio
1193 804 1230 860 et
1285 796 1345 874 tia,
1362 795 1490 863 adhoc
1511 795 1685 882 prolatum
1703 807 1757 863 est
1770 817 1858 884 opus
1871 816 2005 863 summo
2022 814 2104 862 cum
2117 804 2189 860 stu·

224 939 230 945 ·
330 896 519 987 vigilantia,
542 909 581 965 ut
601 897 695 963 idem
710 907 882 983 proponat
896 917 933 962 se
955 895 1063 964 nichil
1087 896 1232 983 amplius
1286 898 1345 964 dio
1369 917 1410 964 ac
1432 895 1622 984 vigilantia,
1637 909 1678 965 ut
1697 898 1828 985 primus
1851 909 1889 964 et
1908 897 2079 964 maximus
2100 895 2187 962 tanti

331 1003 516 1078 facturum,
538 1001 604 1067 nisi
626 1001 722 1088 prius
751 999 957 1068 sanctissimi
986 1000 1095 1085 patris
1123 1001 1232 1066 nostri
1286 1000 1402 1086 operis
1418 999 1546 1066 artifex
1556 1000 1626 1067 hoc
1640 1014 1814 1088 proponat
1827 1012 1865 1068 et
1877 1012 2018 1079 asserat,
2030 1018 2068 1066 se
2080 997 2189 1064 nichil

332 1101 528 1168 Geminiani
552 1123 678 1188 corpus
694 1102 739 1169 de
755 1101 844 1181 loco,
859 1102 978 1189 inquo
992 1113 1076 1171 tunc
1100 1101 1232 1179 aderat,
1287 1101 1433 1189 amplius
1462 1103 1637 1170 iacturum
1666 1103 1734 1170 nisi
1762 1102 2016 1172 sanctissimum
2046 1099 2189 1191 gloriosi
2229 1100 2243 1164 5

331 1207 587 1273 transferretur.
1286 1205 1394 1290 patris
1409 1205 1518 1271 nostri
1533 1204 1731 1272 Geminiani
1753 1225 1881 1294 corpus
1897 1205 1943 1272 de
1958 1203 2187 1290 loco,inquo

613 1310 733 1376 Oritur
754 1310 872 1396 itaque
894 1329 1020 1396 magna
1042 1309 1231 1387 moesticia,
1285 1317 1368 1373 tunc
1389 1306 1510 1373 aderat
1530 1306 1795 1374 trasferreretur
1809 1306 1856 1374 ad
1871 1305 1948 1373 alia
1989 1305 2115 1373 Oritur
2129 1301 2189 1368 de·

333 1412 469 1478 diversa
490 1414 667 1499 profertur
688 1412 904 1498 quorundam
926 1412 963 1477 in
986 1432 1132 1478 comune
1154 1432 1232 1476 sen·
1285 1413 1390 1500 nique
1403 1411 1518 1480 multis
1534 1412 1682 1479 maxima
1698 1413 1865 1491 mestitia3
1883 1413 2020 1480 diversa
2036 1429 2190 1498 quorun·

332 1516 441 1582 entia:
473 1514 531 1580 alii
561 1512 702 1601 quidem
734 1515 884 1580 clamant
911 1514 978 1580 hoc
1004 1525 1135 1580 temere
1162 1535 1232 1580 non
1286 1515 1367 1582 dam
1399 1515 1436 1580 iu
1467 1535 1648 1581 commune
1679 1515 1858 1601 profertur
1885 1513 2073 1582 sententia.
2117 1509 2190 1576 Alii

333 1628 424 1684 esset
450 1616 668 1683 faciendum:
700 1616 758 1680 alii
788 1635 871 1682 vero
895 1615 1072 1694 αίίὶτωαιιῐ,
1103 1637 1173 1683 non
1195 1616 1232 1681 in
1286 1616 1427 1705 quidem
1451 1616 1603 1684 clamant
1624 1616 1694 1685 hoc
1715 1637 1786 1683 non
1808 1637 1884 1683 esse
1905 1627 2039 1684 temere
2055 1613 2190 1680 iacim-
2215 1611 2246 1676 10

333 1731 508 1806 posterum
523 1739 598 1784 esse
615 1718 868 1793 differendum
884 1717 1024 1784 tandem
1039 1716 1133 1785 illius
1147 1718 1233 1784 vicit
1287 1720 1387 1797 dum;
1412 1720 1471 1785 alii
1492 1739 1575 1786 vero
1599 1718 1768 1785 affirmant
1781 1741 1852 1787 non
1865 1720 1903 1786 in
1917 1729 2100 1806 posterum
2117 1735 2190 1781 esoe

333 1821 521 1901 sentencia,
533 1841 636 1907 quem
650 1820 770 1887 adhoc
782 1831 1010 1906 proposuerat
1022 1819 1141 1886 divina
1152 1842 1232 1907 pro·
1288 1823 1531 1889 differendum.
1567 1821 1727 1888 Tandem
1742 1820 1836 1888 illius
1852 1821 1962 1889 vincit
1983 1816 2190 1886 sententiam

332 1925 497 1991 videntia.
520 1923 624 1991 Anno
646 1924 753 2013 igitur
778 1923 873 2001 1106,
895 1921 1112 2011 gubernante
1135 1923 1232 1990 dom·
1287 1947 1391 2013 quem
1415 1925 1550 1993 adhoc
1573 1936 1804 2012 proposuerat
1827 1925 1943 1991 divina
1958 1920 2190 2011 providentia

332 2048 378 2094 no
405 2025 551 2094 Dodone
583 2028 749 2114 episcopo
775 2023 969 2091 Ecclesiam
993 2026 1232 2104 mutinensem,
1286 2027 1390 2096 Anno
1412 2029 1519 2118 igitur
1542 2026 1716 2094 dominice
1732 2025 1979 2095 incarnationis
1993 2026 2067 2091 iam
2082 2021 2192 2089 mille-

333 2130 436 2195 datur
449 2129 551 2195 huius
565 2128 797 2195 translationis
812 2125 1040 2194 kalendarum
1061 2126 1232 2194 Maiarum
1287 2132 1374 2198 simo
1396 2128 1586 2198 centesimo
1608 2139 1719 2207 sexto,
1733 2128 1951 2218 gubemante
1974 2127 2108 2195 domno
2121 2123 2191 2191 Do-
2216 2124 2247 2190 15

331 2231 510 2312 terminus,
529 2231 681 2297 omnium
704 2229 867 2297 cordibus
888 2231 1112 2319 gratissimus.
1150 2230 1233 2297 Mit-
1288 2233 1389 2312 done,
1404 2231 1473 2298 Dei
1487 2230 1600 2320 gratia
1615 2229 1807 2298 venerabili
1822 2228 2192 2318 episcopo,Mutinen-

332 2334 418 2400 titur
439 2335 557 2420 itaque
584 2333 717 2400 circum
739 2352 888 2419 quaque,
904 2342 941 2398 et
954 2352 1021 2418 per
1040 2342 1149 2399 totam
1170 2353 1233 2419 pa·
1287 2337 1376 2404 sium
1391 2333 1588 2412 ecclesiam,
1608 2333 1710 2400 datur
1732 2332 1834 2400 huius
1855 2332 2094 2400 translationis
2116 2350 2191 2398 oer-

332 2436 487 2503 rochiam
500 2436 538 2502 fit
550 2446 746 2522 apparatus,
756 2435 795 2502 fit
806 2433 1048 2501 inestimabille
1057 2433 1232 2523 gaudium
1287 2437 1437 2505 tissim
1459 2435 1688 2502 kalendamm
1719 2436 1886 2502 maiarum
1915 2435 2099 2512 terminus,
2120 2453 2192 2500 om·

333 2538 486 2605 Mittitur
509 2550 622 2605 autem
644 2558 714 2604 non
737 2537 846 2603 solum
870 2537 915 2604 ad
929 2537 1161 2623 provinciales
1184 2538 1234 2604 ci·
1287 2541 1383 2607 nium
1417 2538 1581 2608 cordibus
1613 2537 1837 2627 grunnium
1882 2537 2040 2604 Mittitur
2073 2536 2192 2622 itaque

333 2641 467 2718 vitates,
490 2639 554 2707 sed
575 2641 680 2707 etiam
697 2639 742 2706 ad
757 2640 974 2708 adiacentes:
1288 2644 1571 2729 circumquaque,
1594 2651 1632 2706 et
1652 2659 1717 2725 per
1731 2649 1841 2706 totam
1854 2637 2062 2727 parochiam
2076 2637 2118 2703 lit
2132 2656 2193 2722 ap·
2214 2642 2249 2706 20

1288 2754 1429 2831 paratus
1459 2743 1638 2820 maximus,
1672 2740 1712 2808 fit
1739 2740 1976 2808 inextimabile
2010 2738 2192 2830 gandium.

1289 2847 1441 2914 Mittitur
1463 2856 1579 2912 autem
1599 2865 1669 2911 non
1691 2843 1804 2911 solnm
1825 2842 1871 2910 ad
1885 2840 2194 2929 comprovintiales

1290 2949 1459 3027 civitates,
1481 2947 1545 3013 sed
1567 2945 1672 3013 etiam
1695 2945 1904 3013 adiacentes.

1012 3053 1148 3141 cogitur
1161 3071 1234 3125 ma·
1377 3049 1586 3140 Congeritur
1608 3068 1758 3134 namque
1789 3047 1977 3113 maximnm
2005 3045 2194 3134 ephoopo-

334 3156 462 3220 nimum
494 3154 747 3239 Episcoporum
770 3152 953 3219 consilium
977 3166 1013 3222 et
1042 3154 1234 3222 Monacho-
1288 3175 1365 3218 rum
1389 3149 1585 3228 concilium,
1616 3148 1834 3228 clericorum,
1858 3146 2023 3215 abbatum
2055 3158 2095 3215 et
2120 3166 2196 3213 mo-
2218 3138 2251 3202 25

333 3276 421 3334 rum,
444 3253 658 3321 Clericorum
681 3264 718 3320 et
740 3253 926 3333 Abbatum,
954 3254 1061 3343 fitque
1082 3255 1234 3325 Militum
1288 3255 1494 3331 nachorum3
1518 3252 1626 3341 fitque
1648 3252 1874 3340 congregatio
1905 3250 2068 3328 militnm,
2090 3248 2133 3315 fit
2160 3259 2196 3314 et

334 3359 570 3446 congregatio,
582 3358 687 3445 fitque
700 3355 825 3445 Populi
837 3360 1015 3445 utriusque
1031 3380 1134 3426 sexus
1150 3380 1233 3427 con·
1289 3368 1478 3427 conventus
1500 3355 1708 3443 populorum
1729 3354 1910 3440 utriusque
1932 3373 2054 3430 κως
2078 3350 2194 3439 qualis

334 3472 467 3539 ventus,
480 3459 591 3547 qualis
601 3480 668 3526 nec
679 3463 804 3528 nostris
815 3461 1038 3548 temporibus,
1053 3483 1120 3528 nec
1133 3473 1234 3530 antea
1287 3481 1353 3527 nec
1383 3457 1509 3526 nostris
1538 3456 1753 3544 temporibus
1785 3465 1887 3522 antea
1907 3453 2004 3522 visus
2035 3464 2103 3532 est,
2125 3472 2193 3519 nec

334 3564 427 3628 visus
441 3574 504 3628 est.
535 3561 660 3629 Nullus
672 3563 764 3628 enim
774 3562 882 3643 locus,
894 3562 989 3629 nulla
1000 3565 1126 3650 platea,
1139 3564 1233 3631 nulla
1288 3563 1433 3630 alicuius
1448 3561 1612 3627 memorie
1628 3560 1724 3646 prius
1739 3558 1889 3625 habetur
1898 3558 2083 3624 insertum.
2105 3554 2196 3622 Nul-

335 3664 467 3744 domus,
482 3664 596 3730 nullus
611 3667 766 3752 porticus
782 3666 912 3733 nullum
930 3667 1054 3733 atrium
1070 3689 1232 3756 magnum
1287 3666 1340 3733 lus
1355 3665 1448 3731 enim
1463 3664 1571 3742 locus,
1582 3662 1678 3728 nulla
1692 3661 1820 3748 platea,
1832 3659 1927 3727 nulla
1943 3659 2080 3737 ἀοωιιι,
2095 3657 2195 3725 nulla
2217 3653 2252 3717 30

332 3769 389 3834 vel
418 3790 562 3856 parvum
595 3789 615 3833 a
645 3781 818 3835 conventu
852 3770 1061 3857 populomm
1095 3784 1233 3859 poterat
1286 3768 1452 3856 porticus,
1464 3763 1596 3831 nullum
1613 3763 1749 3842 atrium,
1761 3762 1876 3829 saltim
1889 3761 1947 3828 vel
1962 3761 2159 3840 modicum,
2174 3781 2196 3826 a

333 3870 481 3936 inveniri
502 3891 660 3937 vacuum.
696 3871 809 3938 Adest
831 3871 935 3938 etiam
952 3872 1079 3940 adhoc
1095 3886 1232 3960 specta·
1286 3880 1459 3937 conventu
1474 3867 1681 3956 populorum
1703 3876 1842 3952 poterat
1862 3862 2014 3930 inveniri
2027 3882 2194 3931 uenum.

333 3973 449 4039 culum
471 3973 636 4061 princeps
659 3972 840 4041 Mathildis
868 3994 948 4041 cum
978 3996 1040 4043 suo
1063 3977 1230 4053 exercitu,
1285 3971 1398 4039 Adest
1428 3970 1533 4039 etiam
1568 3969 1613 4036 ad
1647 3968 1716 4035 hoc
1750 3967 1989 4054 spectacnhm
2024 3966 2194 4053 princeps

333 4096 452 4141 omnes
481 4076 690 4142 unanimiter
719 4076 950 4163 prestolantes
976 4079 1088 4145 sancti
1117 4077 1231 4144 Patris
1286 4073 1466 4142 Mathildis
1488 4094 1569 4139 cum
1583 4092 1647 4137 suo
1661 4071 1830 4148 exercitu,
1844 4089 1964 4136 omnes
1979 4067 2193 4135 unanimiter

331 4175 591 4244 translationem
614 4198 693 4244 cum
717 4180 855 4265 gaudio.
899 4178 972 4245 Sed
995 4181 1076 4266 quia
1098 4181 1231 4247 infinita
1285 4178 1514 4264 prestolantes
1535 4175 1623 4240 tanti
1646 4171 1761 4240 Patris
1789 4170 2055 4239 mandationem
2076 4181 2118 4238 et
2137 4164 2247 4236 rsa-35

331 4278 538 4366 populorum
561 4280 714 4366 undique
737 4280 838 4347 turba
868 4283 1093 4360 confluxerat,
1120 4285 1231 4349 visum
1285 4278 1506 4356 velationem,
1529 4297 1609 4342 cum
1632 4274 1771 4364 gaudio.
1818 4271 1891 4340 Sed
1913 4273 2007 4361 quia,
2039 4283 2080 4340 ut
2102 4272 2192 4340 dixi·

330 4391 384 4448 est
405 4379 617 4468 impossibile
638 4392 735 4448 tanto
759 4383 857 4468 operi
879 4403 1019 4448 manum
1041 4383 1230 4470 imponere.
1286 4403 1372 4459 mus,
1387 4379 1520 4446 infinita
1535 4377 1742 4466 populorum
1763 4377 1916 4463 undique
1931 4373 2036 4442 turba
2058 4374 2192 4443 conflu-

331 4481 501 4560 Queritur
522 4503 608 4569 ergo
631 4485 808 4569 spaciosus
828 4505 1028 4571 camporum
1052 4483 1149 4552 locus
1170 4486 1231 4552 ubi
1284 4495 1384 4551 xerat
1398 4483 1509 4549 visum
1525 4492 1578 4546 est
1594 4477 1745 4558 difficile,
1757 4490 1794 4546 et
1808 4477 1948 4546 omnino
1961 4476 2191 4565 inponibils,

330 4583 433 4650 turba
447 4585 643 4663 conveniat,
668 4598 837 4672 quatenus
859 4597 1033 4652 tantorum
1055 4589 1231 4674 presulum
1285 4598 1381 4653 tanto
1397 4585 1496 4673 operi
1511 4605 1650 4651 manum
1672 4585 1863 4670 imponere.
1909 4579 2083 4661 Queritnr
2106 4598 2191 4670 ergo

330 4684 470 4751 monitis
485 4697 521 4751 et
538 4685 707 4752 doctrinis
728 4688 877 4754 reitesta
892 4687 975 4753 inde
995 4689 1231 4776 unusquisque
1285 4688 1461 4775 spaciosus
1477 4707 1679 4773 camporum
1691 4685 1788 4752 locus
1800 4682 1859 4750 ubi
1871 4681 1974 4750 turba
1985 4682 2189 4757 conveniat3
2212 4683 2244 4746 lt}

331 4807 411 4851 cum
428 4787 544 4853 leticia
567 4798 603 4853 et
618 4788 746 4876 gaudio
762 4789 894 4855 redeat
940 4787 1097 4877 Pergunt
1111 4792 1230 4878 itaque
1285 4802 1465 4878 quatenus,
1477 4798 1652 4857 tantorum
1662 4784 1839 4873 presulum
1854 4784 1993 4852 monitis
2004 4795 2045 4851 et
2058 4785 2191 4853 doctri·

331 4908 450 4954 omnes
466 4890 511 4954 ad
527 4888 643 4955 divina
658 4888 804 4976 pocula;
822 4891 1065 4957 disseminatur
1080 4894 1231 4980 denique
1284 4893 1338 4958 nis
1364 4893 1509 4969 reiecta,
1532 4890 1614 4957 inde
1638 4889 1873 4976 unusquisque
1897 4907 1977 4954 cum
1999 4887 2135 4975 gaudio
2157 4899 2192 4953 et

329 4988 421 5054 inter
437 4999 586 5054 astantes
610 4989 830 5056 devotissima
853 4991 1096 5078 episcoporum
1114 4992 1232 5077 predi·
1285 4993 1395 5061 letitia
1417 4993 1548 5060 redeat
1595 4991 1750 5081 Pergunt
1763 4991 1882 5078 itaque
1897 4987 2097 5076 pontifioes,
2112 5009 2190 5077 pen

331 5090 433 5168 catio,
457 5091 564 5178 fitque
589 5091 633 5155 ad
655 5093 822 5159 honorem
838 5104 874 5158 et
898 5091 1035 5160 laudem
1058 5095 1146 5160 tanti
1169 5116 1231 5180 pa·
1284 5096 1336 5185 git
1350 5108 1387 5162 et
1401 5096 1552 5182 populus
1567 5096 1613 5160 ad
1628 5094 1745 5160 divine
1768 5091 2022 5180 propinationis
2042 5091 2190 5179 promis

328 5194 391 5258 tris
413 5195 521 5259 nostri
549 5193 747 5260 Geminiani
762 5205 988 5281 peccatorum
1003 5197 1176 5271 remissi03
1192 5196 1232 5261 fit
1284 5197 1543 5282 suscipiendum
1560 5195 1812 5261 devotissimus.
1856 5191 2116 5259 Disseminatur
2130 5192 2190 5259 de·
2212 5187 2242 5252 ⁴5

328 5306 364 5360 et
376 5297 557 5361 cuminum
570 5295 756 5363 absolutio:
770 5299 820 5363 sic
834 5297 975 5384 quidem
986 5298 1069 5363 inde
1083 5299 1231 5364 redeunt
1284 5297 1391 5383 nique
1415 5298 1506 5363 inter
1529 5308 1679 5364 astantes
1706 5297 1950 5383 episcoporum
1973 5293 2188 5380 predicatio;

327 5418 453 5485 magno
469 5419 548 5465 cum
565 5400 730 5486 tripudio.
754 5400 827 5465 Iam
850 5388 945 5481 ver'o,
962 5403 1044 5489 quia
1059 5402 1130 5468 diei
1145 5402 1230 5468 hora
1284 5398 1390 5486 fitque
1415 5398 1460 5464 ad
1482 5397 1621 5464 laudem
1644 5408 1680 5462 et
1703 5396 1870 5464 honorem
1892 5394 1983 5462 tanti
2006 5396 2190 5481 patrisno·

326 5513 541 5579 excreverat,
566 5514 602 5567 et
623 5514 720 5568 tanta
735 5503 837 5570 turba
853 5524 913 5570 eos
930 5504 1229 5591 circumsepserat,
1284 5502 1346 5567 stri
1369 5501 1566 5568 Geminiani
1580 5511 1807 5588 peccatorum
1821 5498 1998 5576 remissio;
2013 5499 2055 5565 fit
2070 5511 2110 5567 et
2125 5499 2189 5567 cri·

327 5603 492 5670 differtur
523 5605 560 5668 in
591 5615 767 5690 posterum
799 5608 950 5692 praefati
981 5608 1090 5691 patris
1121 5606 1230 5672 nostri
1285 5604 1415 5669 minum
1451 5603 1636 5671 absolutio:
1670 5605 1721 5670 sic
1753 5601 1894 5690 quidem
1924 5601 2009 5668 inde
2039 5602 2190 5670 redeunt

328 5703 524 5770 Geminiani
539 5705 730 5785 translatio,
746 5726 814 5792 que
831 5707 972 5793 quidem
985 5708 1230 5794 gloriosissime
1285 5707 1433 5772 maximo
1464 5727 1544 5772 cum
1575 5706 1739 5792 tripudio.
1785 5704 1858 5771 Iam
1888 5723 1972 5770 vero
2004 5704 2091 5791 quia
2123 5704 2191 5771 diei
2212 5707 2243 5770 50

327 5807 424 5873 iacta
446 5819 499 5872 est
525 5807 639 5894 pridie
661 5805 829 5873 kalendas
851 5808 944 5895 maij,
969 5809 1230 5874 administrante
1285 5808 1371 5874 hora
1386 5820 1600 5886 excreverat,
1612 5818 1649 5874 et
1663 5818 1838 5875 tantarum
1852 5805 2034 5872 turbarum
2049 5806 2191 5874 afflueri-

327 5908 489 5976 Domino.
1285 5912 1335 5976 tia
1362 5932 1422 5977 eos
1445 5910 1745 5998 circumsepserat,
1768 5909 1933 5976 differtur
1953 5908 1990 5974 in
2013 5921 2192 5995 posterum
