4524 6968
315 382 336 454 8
484 384 721 472 RELATIO
748 383 1183 460 TRANSLATIONIS
1211 383 1469 459 CORPORIS
1496 384 1689 461 SANCTI
1717 384 2005 460 GEMINIANI

314 650 408 716 mino
423 646 595 718 Pontifice
611 672 804 719 sermonem
821 653 866 719 ad
880 650 1057 738 populum,
1077 671 1118 718 ac
1134 670 1215 736 pro·
1269 669 1463 716 sermonem
1488 651 1533 716 ad
1555 651 1735 738 populum,
1759 672 1802 718 ac
1823 652 2033 740 propinante
2057 651 2177 718 divina

313 751 456 836 piname
472 752 590 818 divina
604 754 757 821 misteria
768 766 804 820 et
812 754 964 821 omnium
979 751 1215 820 remissionem
1269 752 1422 818 misteria
1437 752 1603 819 cordibus
1618 753 1783 833 omnium,
1795 754 2104 840 remissionemque
2121 754 2176 817 fa-

314 853 467 921 faciente
482 866 717 941 peccatorum,
730 876 772 923 ac
782 877 820 922 se
832 853 1030 922 benivolum
1042 853 1215 922 mentibus
1269 853 1384 919 ciente
1402 866 1638 940 peccatorum,
1663 877 1705 923 ac
1726 877 1764 922 se
1787 855 1986 924 benivolum
2001 855 2173 923 reddente

314 968 518 1024 cunctorum
540 959 721 1036 reddente,
744 957 922 1025 orantibus
945 969 1049 1044 atque
1065 957 1214 1044 psallen-
1269 955 1442 1023 mentibus
1456 969 1671 1037 cunctorum,
1694 958 1873 1025 orantibus
1895 970 1998 1046 atque
2021 957 2172 1044 psallen-

312 1058 405 1125 tibus
420 1060 604 1147 episcopie,
621 1060 866 1138 cardinalibus,
889 1060 1028 1127 clericis
1043 1070 1079 1126 et
1094 1058 1215 1147 laycis,
1268 1057 1361 1124 tibus
1377 1058 1563 1146 episcopis,
1580 1060 1825 1140 cardinalibus,
1842 1058 1981 1128 clericis
2003 1072 2042 1128 et
2062 1059 2171 1138 laicis,
2217 1063 2232 1126 5

313 1162 418 1228 mirra
440 1182 520 1229 cum
542 1164 737 1229 reverentia
768 1174 804 1230 et
832 1165 1022 1229 iuratorum
1046 1162 1214 1239 custodia,
1269 1164 1356 1228 mira
1379 1182 1459 1229 cum
1482 1163 1687 1241 reverentia,
1715 1175 1753 1231 et
1781 1164 1970 1233 iuratorum
2000 1162 2170 1239 cautodia,

314 1264 499 1352 detegitur,
530 1266 717 1332 revellatur
746 1277 783 1332 et
804 1266 958 1332 intuetur
981 1263 1215 1331 beatissimum
1269 1263 1454 1351 detegitur,
1485 1265 1660 1332 revelatur
1689 1278 1727 1333 et
1754 1267 1910 1334 intuetur
1935 1265 2170 1333 beatinimum

314 1387 440 1451 eorpus
454 1369 662 1434 sanctissimi
677 1369 785 1454 patris
807 1368 916 1434 nostri
939 1367 1136 1433 Geminiani
1151 1387 1216 1452 per
1269 1387 1396 1452 corpus
1411 1367 1618 1434 sanctissimi
1634 1370 1744 1455 patris
1758 1372 1869 1437 nostri
1884 1368 2094 1446 Geminiani,
2108 1389 2171 1454 per

313 1489 434 1536 manus
444 1469 679 1537 Bonisenioris
688 1469 818 1559 Regini
826 1469 994 1557 Episcopi
1006 1481 1110 1555 atque
1121 1468 1214 1535 Lan-
1269 1488 1388 1533 manus
1400 1465 1634 1536 Bouisenioris
1648 1470 1780 1559 Regini
1792 1471 1950 1558 episcopi
1962 1482 2067 1557 atque
2079 1468 2171 1535 Lan·

312 1571 453 1638 franchi
486 1573 696 1652 Architecti,
730 1572 845 1639 multis
881 1593 959 1639 cum
992 1571 1146 1639 lacrimis
1179 1583 1216 1636 et
1269 1570 1407 1636 franchi
1431 1571 1682 1650 architectoria,
1705 1574 1822 1640 multis
1844 1593 1925 1639 cum
1951 1573 2108 1639 lacrimis
2137 1583 2172 1637 et
2200 1572 2232 1634 10

313 1672 487 1758 precibus.
1268 1671 1442 1757 precibus.
1488 1672 1671 1761 Oquanta
1685 1674 1864 1754 exultatio,
1887 1687 2036 1762 quantus
2059 1673 2171 1739 missi·

402 1775 434 1843 Ο
457 1788 586 1863 quanta
609 1778 776 1844 exultatio
800 1788 1018 1865 quantusque
1035 1776 1214 1844 suavitatis
1267 1775 1350 1840 tatis
1372 1774 1469 1852 odor,
1493 1787 1622 1862 quanta
1648 1777 1841 1866 fragrantia
1866 1778 1948 1845 inde
1980 1775 2170 1843 emanavit!

312 1878 409 1953 odor,
422 1891 552 1964 quanta
563 1880 755 1967 fragrantia
769 1880 852 1946 inde
868 1879 1060 1946 emanavit!
1084 1879 1214 1946 Omnes
1268 1876 1398 1944 Omnes
1432 1879 1525 1944 enim
1559 1900 1680 1946 manus
1721 1883 1934 1967 protendunt
1966 1881 2014 1946 sd
2048 1879 2171 1954 selum,

311 1980 394 2046 inde
409 2001 529 2047 manus
546 1982 762 2067 protendunt
777 1983 822 2048 ad
837 1982 984 2059 coelum,
1000 2001 1120 2049 omnes
1135 2002 1214 2070 gra·
1268 1999 1386 2046 omnes
1407 1980 1537 2068 gratias
1560 1982 1717 2049 referunt
1732 1981 1905 2050 Salvatori
1920 1994 1958 2049 et
1972 1993 2171 2049 sanctorum

311 2083 377 2147 tias
400 2095 508 2170 agunt
530 2079 711 2161 Salv'atori,
735 2085 795 2171 qui
810 2085 897 2150 tanti
919 2081 1034 2150 Patris
1048 2084 1214 2171 reliquias
1268 2081 1421 2147 omnium
1444 2081 1642 2160 Conditori;
1659 2084 1719 2170 qui
1734 2086 1822 2152 tanti
1844 2083 1960 2151 Patris
1975 2083 2086 2151 nostri
2103 2082 2170 2147 rel-
2201 2078 2232 2144 li

311 2205 420 2270 usque
437 2185 483 2252 ad
498 2196 652 2253 nostrum
667 2198 803 2272 tempus
825 2207 963 2252 servare
979 2187 1140 2273 dignatus
1163 2197 1216 2252 est
1270 2183 1392 2270 liquias
1418 2206 1526 2271 usque
1551 2186 1596 2251 ad
1618 2196 1772 2252 nostrum
1794 2198 1931 2275 tempus
1952 2206 2094 2253 servare
2118 2184 2171 2250 di·

312 2287 470 2353 conditas
492 2299 530 2353 et
551 2287 743 2355 inviolatas
1266 2296 1393 2372 gnatus
1414 2298 1468 2352 est
1489 2286 1647 2353 conditas
1669 2298 1706 2354 et
1726 2288 1920 2355 inviolatas.

772 2391 922 2479 Expleto
943 2392 1062 2479 itaque
1084 2411 1214 2458 sermo-
1357 2387 1506 2476 Expleto
1520 2389 1639 2476 itaque
1654 2410 1812 2457 sermone
1828 2389 2018 2469 Pontificis,
2034 2389 2172 2456 venitur

312 2514 356 2559 ue
372 2490 562 2571 Pontificis,
574 2494 722 2561 vertitur
738 2494 783 2559 ad
794 2495 974 2571 tumulum,
987 2504 1214 2581 saumque
1269 2488 1315 2556 ad
1335 2489 1521 2567 tumulum3
1545 2502 1703 2558 sancmm
1719 2511 1846 2578 corpus
1861 2494 2036 2582 integrum
2051 2503 2090 2558 et
2103 2489 2171 2556 illi·

311 2616 439 2687 corpus
450 2596 624 2683 integrum
636 2607 673 2662 et
683 2596 855 2662 illibatum
866 2596 1089 2682 conspicitur.
1113 2594 1214 2661 Sum·
1268 2593 1387 2661 batum
1410 2596 1587 2681 aspicitur.
1619 2594 1781 2662 Summus
1803 2596 1979 2674 Pontifex,
2001 2607 2042 2662 ut
2063 2595 2171 2672 videt,
2198 2595 2234 2658 2⁰

311 2719 387 2765 mus
409 2699 584 2778 Pontifex,
607 2711 647 2766 ut
668 2701 776 2779 videt,
801 2699 890 2767 letus
912 2712 949 2765 et
970 2699 1127 2789 gaudens
1142 2698 1215 2765 effi·
1270 2696 1357 2764 letus
1379 2707 1416 2763 et
1437 2698 1593 2785 gaudens
1615 2696 1771 2765 efficitur.
1817 2698 1924 2766 Citius
1946 2697 2089 2786 quidem
2120 2698 2171 2762 vi·

313 2802 413 2868 citur.
430 2801 539 2868 Qiius
553 2803 694 2889 quidem
710 2803 852 2868 visionis
867 2803 979 2889 gratia
993 2801 1214 2879 exhilaratus,
1268 2800 1373 2867 sionis
1394 2800 1507 2888 gratia
1529 2799 1742 2880 exillsratus,
1753 2823 1859 2889 quem
1880 2803 1957 2887 ipsa
1973 2802 2031 2869 die
2048 2821 2170 2868 conse·

314 2902 433 2981 altare,
457 2904 552 2990 quod
580 2906 656 2990 ipsa
680 2904 737 2970 die
761 2923 967 2971 consecrare
998 2903 1214 2981 decreverat,
1269 2923 1383 2981 crare,
1407 2902 1636 2988 disposuerat,
1667 2923 1772 2969 causa
1802 2902 1947 2971 videndi
1977 2923 1998 2968 a
2028 2903 2171 2990 populo,

311 3018 351 3073 ut
366 3027 387 3072 a
401 3006 531 3093 populo
546 3007 707 3073 videatur
729 3027 837 3093 usque
855 3006 900 3073 ad
923 3007 1028 3073 alium
1044 3007 1136 3073 diem
1152 3008 1214 3073 de·
1268 3022 1375 3089 usque
1399 3002 1445 3067 ad
1460 3001 1566 3067 alium
1581 3002 1675 3069 diem
1690 3003 1880 3082 detectum,
1891 3002 1955 3069 sed
1970 3014 2007 3070 et
2022 3002 2172 3092 diligen·

311 3120 454 3186 tectum,
484 3109 547 3174 sed
571 3120 607 3174 et
628 3108 816 3198 diligenter
845 3108 1067 3189 custoditum,
1093 3109 1214 3175 officiis
1267 3117 1322 3171 ter
1345 3104 1566 3184 custoditum,
1578 3104 1693 3172 offitiis
1710 3105 1843 3173 diurnis
1858 3118 1895 3171 et
1909 3105 2171 3174 nocturnalibus
2199 3112 2234 3174 25

312 3210 440 3277 divinis
461 3222 498 3276 et
519 3211 823 3277 noctunninalibus
851 3213 1119 3297 frequentatum,
1141 3232 1213 3278 ser·
1268 3208 1535 3295 frequentatum,
1558 3228 1697 3274 servare
1721 3207 1908 3276 collaudat.
1952 3208 2168 3297 Frequenta-

311 3333 393 3379 vare
417 3312 603 3380 collaudat.
627 3315 883 3400 Frequentatur
904 3316 1022 3401 itaque
1045 3315 1090 3380 ab
1111 3314 1213 3380 innu-
1267 3321 1325 3375 tur
1353 3312 1471 3399 itaque
1503 3310 1548 3377 ab
1574 3310 1817 3378 innumerabili
1847 3312 1988 3399 populo,
2018 3311 2169 3386 videtur,

312 3413 469 3481 merabili
480 3417 621 3502 populo,
634 3416 783 3494 videtur,
796 3414 968 3494 landatur,
981 3415 1213 3494 benedicitur,
1268 3411 1436 3490 laudatur,
1459 3412 1548 3479 bene
1572 3412 1711 3490 dicitim,
1734 3424 1771 3478 et
1792 3432 1856 3499 pro
1878 3413 1963 3499 ipsis
1987 3413 2082 3500 apid
2095 3411 2169 3479 Do-

311 3530 351 3586 ut
364 3539 429 3606 pro
450 3518 534 3605 ipsis
549 3519 644 3605 apud
661 3518 849 3586 Dominum
863 3519 1071 3596 intercedat,
1087 3521 1213 3607 depre·
1267 3516 1397 3581 minum
1411 3515 1608 3582 intercedat
1622 3515 1843 3603 deprecatur.
1873 3513 2038 3583 Accessit
2053 3526 2170 3581 autem

311 3633 421 3689 catur.
466 3617 628 3687 Accessit
651 3630 765 3687 autem
788 3631 825 3687 et
846 3621 1011 3708 princeps
1032 3620 1213 3688 Mathildis
1267 3629 1304 3684 et
1332 3619 1495 3705 princeps
1529 3616 1692 3685 Mattilda
1723 3618 1815 3685 dona
1848 3618 1966 3684 ferens
1996 3618 2169 3707 ingentia:
2200 3629 2238 3694 30

311 3723 403 3791 dona
426 3724 561 3790 ferrens
582 3723 748 3810 ingentia,
772 3744 904 3801 aurum,
928 3734 1121 3812 argentum,
1137 3724 1213 3810 psl·
1267 3741 1399 3798 aurum,
1416 3731 1607 3808 argentum,
1619 3719 1726 3807 pallia
1739 3721 1900 3809 insignis.
1924 3719 1997 3787 Sed
2018 3733 2057 3788 et
2070 3720 2170 3788 dom·

310 3824 357 3891 lia
378 3825 538 3914 insignia.
581 3823 653 3890 Sed
675 3836 712 3891 et
734 3825 870 3890 donnus
891 3824 995 3893 Dodo
1018 3825 1213 3914 Episcopus
1267 3844 1331 3889 nus
1345 3821 1447 3891 Dodo
1462 3822 1671 3890 venerabilis
1692 3823 1852 3909 pontifex
1874 3822 2023 3890 calicem
2045 3843 2170 3913 argeu-

311 3927 458 3994 calicem
481 3936 684 4014 argenteum
703 3946 783 3992 cum
804 3936 927 4011 patera
949 3926 1076 3994 obtulit
1098 3928 1214 3994 aureis
1266 3939 1362 3993 teum
1385 3948 1465 3993 cum
1486 3926 1639 4013 pathena
1662 3926 1695 3991 ei
1718 3924 1844 3993 obtulit
1866 3926 2034 4012 optimum
2058 3928 2171 3992 surda

309 4028 501 4116 insignibus
530 4029 623 4095 intus
650 4029 805 4114 forisque
836 4027 1041 4095 mirabiliter
1068 4030 1213 4096 decora·
1267 4030 1373 4118 signis
1402 4030 1495 4095 intus
1526 4028 1680 4114 iorisqoe
1712 4026 1918 4094 mirabiliter
1947 4027 2170 4105 decoratum

309 4143 394 4210 tum,
417 4131 484 4197 hec
514 4131 712 4219 precipiens
742 4142 779 4196 et
810 4131 948 4197 dicens:
972 4143 1012 4199 ut
1041 4153 1107 4198 nec
1135 4131 1212 4209 sibi,
1267 4133 1334 4199 hoc
1358 4132 1556 4218 precipiens
1579 4142 1617 4196 et
1631 4130 1770 4197 dicens:
1793 4142 1833 4197 ut
1847 4149 1914 4197 nec
1930 4129 2008 4208 sibi,
2023 4152 2090 4198 nec
2108 4130 2171 4197 ali·
2198 4143 2237 4209 35

169 4304 184 4329 0
309 4255 376 4300 nec
410 4233 516 4300 alicui
549 4253 703 4319 unquam
738 4233 844 4300 liceat
877 4231 994 4320 aliqua
1028 4235 1212 4301 occasione
1267 4234 1336 4312 cui,
1359 4255 1510 4321 unquam
1533 4231 1639 4299 liceat
1653 4231 1771 4319 aliqua
1794 4234 1977 4301 occasione
1993 4233 2108 4320 ipsum
2124 4233 2168 4299 ab

309 4339 423 4423 ipsum
437 4334 483 4402 ab
498 4336 573 4401 eius
588 4335 702 4401 officio
717 4354 906 4401 removere.
941 4336 1135 4404 Transacto
1151 4337 1213 4402 de·
1266 4337 1340 4400 eius
1355 4335 1462 4402 offitio
1477 4354 1667 4403 removere.
1714 4335 1909 4402 Transactis
1930 4335 2084 4421 denique
2098 4335 2168 4401 iam

309 4439 415 4525 nique
439 4438 497 4504 die
528 4447 564 4502 et
593 4447 698 4503 nocte
728 4437 871 4502 visionis
894 4435 1078 4503 dedicatur
1108 4449 1211 4525 atque
1267 4438 1325 4505 die
1341 4449 1514 4524 nocteque
1531 4458 1695 4504 concesse
1711 4438 1853 4504 visionis
1864 4437 2049 4505 dedicatur
2064 4449 2169 4525 atque

310 4549 535 4606 consecratur
556 4537 667 4605 altare
688 4538 878 4604 beatissimi
900 4538 1099 4606 Geminiani
1114 4561 1136 4606 a
1156 4561 1212 4606 re·
1266 4550 1490 4607 cousecratur
1511 4550 1670 4606 sanctum
1692 4557 1820 4624 corpus
1842 4549 1880 4605 et
1902 4539 2011 4605 altare
2041 4538 2171 4606 beatis·

308 4642 556 4710 verendissimo
587 4640 691 4708 Sedis
726 4641 914 4728 apostolice
949 4642 1113 4728 pontifice
1144 4640 1212 4707 Pa·
1265 4641 1554 4708 simiGeminiani
1571 4641 1879 4709 arevereutissimo
1890 4652 2011 4709 sancte
2025 4661 2169 4708 romane
2199 4643 2238 4706 to

308 4747 419 4812 schali
443 4767 522 4813 cum
544 4745 743 4831 frequentia
765 4743 1005 4823 cardinalium,
1028 4746 1212 4832 episcopo-
1265 4745 1359 4811 sedis
1381 4744 1572 4831 apostolico
1588 4744 1748 4811 Paschali
1771 4765 1851 4810 cum
1877 4744 2075 4831 frequentia
2091 4765 2168 4811 can

307 4870 395 4927 rum,
419 4848 637 4924 clericorum,
661 4846 836 4924 abbatum,
860 4849 1120 4927 monachorum,
1138 4847 1212 4936 lay·
1267 4846 1443 4924 dinalium,
1470 4847 1724 4934 episcoporum,
1749 4846 1967 4924 clericorum,
1992 4845 2166 4926 abbatum,

307 4970 429 5017 corum
444 4964 480 5017 et
495 4952 704 5018 feminarum
727 4972 807 5016 cum
827 4951 921 5018 omui
943 4950 1075 5017 honore
1097 4960 1134 5016 et
1156 4971 1211 5016 re·
1266 4949 1524 5026 monachorum,
1558 4949 1727 5016 laicorum
1762 4960 1799 5015 et
1832 4949 2052 5027 feminarum,
2087 4969 2167 5014 cum

307 5053 474 5133 verentia,
498 5073 579 5120 cum
595 5073 729 5120 summ
744 5051 935 5120 officiorum
954 5042 1135 5141 diligentia
1150 5072 1211 5118 oc·
1265 5053 1359 5119 omni
1380 5051 1512 5119 honore
1528 5063 1565 5118 et
1578 5020 1785 5127 revereiua,
1801 5070 1881 5116 cum
1896 5071 2029 5116 summa
2044 5050 2170 5119 offitio-

306 5167 388 5222 tavo
418 5156 497 5223 idus
528 5155 698 5224 octobris:
730 5152 790 5222 Fit
814 5166 975 5242 preterea
1004 5154 1053 5221 ibi
1085 5174 1211 5243 magna
1264 5178 1341 5221 rum
1365 5155 1556 5244 diligentia,
1580 5166 1702 5222 octava
1723 5155 1802 5223 idus
1824 5154 1989 5222 octubris
2009 5155 2073 5235 ,Fit
2086 5176 2169 5241 pre·
2197 5158 2236 5224 45

306 5269 531 5344 peccatorum
561 5258 731 5335 remissio,
759 5259 926 5324 dilatatur
948 5268 985 5324 et
1011 5258 1211 5324 extenditur
1264 5270 1361 5326 terea
1375 5279 1501 5346 magna
1515 5270 1741 5345 peccatorum
1756 5258 1930 5334 remissio;
1947 5257 2113 5324 dilatatur
2132 5270 2168 5324 et

307 5359 497 5448 apostolica
520 5359 731 5427 benedictio.
1264 5359 1463 5428 extenditur
1485 5360 1677 5447 apostolica
1699 5358 1908 5427 benedictio.
