4170 6120
153 49 173 118 5
202 39 325 128 Sancti
346 73 382 128 et
404 64 508 131 etiam
531 63 632 131 beate
656 39 768 130 hiarie
791 86 929 152 semper
950 39 1104 154 virginis,
1157 69 1201 134 tis
1232 80 1268 136 et
1289 39 1460 158 unigeniti
1484 69 1566 136 Filii
1583 39 1663 136 *eius
1685 72 1825 139 Domini
1848 39 1958 141 nostri
1980 73 2057 138 Iesu

128 1116 171 1183 15

125 1652 170 1716 20

125 2184 170 2252 25

125 2690 172 2754 30

124 3201 169 3270 35

131 4250 174 4316 45

201 189 269 235 nec
292 190 361 236 non
377 180 414 235 et
428 173 539 238 sancti
555 173 664 260 patris
686 173 794 239 nostri
812 172 1024 252 Geminiani,
1040 173 1103 240 sub

202 275 261 340 die
285 276 422 343 decimo
446 276 615 347 kalendas
637 279 734 357 iunii,

1156 173 1286 240 Christi
1309 186 1345 241 et
1360 174 1509 261 Spiritus
1526 174 1656 255 Sancti,
1673 198 1733 243 seu
1753 178 1857 244 etiam
1881 179 1926 244 ad
1947 177 2058 243 hono·

1156 303 1229 347 rem
1252 281 1353 348 beate
1376 281 1488 348 Marie
1511 304 1648 370 semper
1669 285 1823 373 virginis,
1839 307 1905 352 nec
1929 306 1999 351 non
2022 296 2058 350 et

1155 390 1267 458 sancti
1289 391 1398 477 patris
1420 392 1529 457 nostri
1555 391 1762 471 Geminiani,
1793 393 2056 460 fundamentum

1155 515 1285 580 ponere
1300 495 1410 560 maius
1432 496 1468 559 in
1492 494 1674 563 latitudine
1691 507 1727 562 et
1743 496 1968 586 longitudine,
1991 496 2055 562 sub

1103 652 1107 661 ,
1156 601 1213 668 die
1230 599 1366 668 decimo
1389 599 1616 669 kalendarum
1638 604 1735 683 iunii,
1751 625 1816 691 per
1829 604 2055 673 indictionem

225 1104 233 1111 ι
755 1018 1029 1088 octavodecimo
1045 1022 1102 1089 die

200 1131 280 1207 post
309 1120 569 1189 inchoationem
595 1123 756 1190 fossionis
787 1123 824 1189 in
851 1114 1103 1194 solemnitatem

201 1237 398 1293 sanctorum
428 1227 537 1295 Primi
567 1241 603 1295 et
627 1230 805 1308 Feliciani,
830 1251 909 1298 cum
933 1231 1102 1313 laudibus,

202 1333 340 1422 hymnis
364 1346 400 1400 et
424 1336 579 1414 canticis,
595 1356 675 1403 cum
691 1335 802 1403 cereis
825 1349 862 1403 et
875 1337 1102 1425 lampadibus,

201 1463 280 1507 cum
299 1441 579 1530 Evangeliorum,
604 1464 684 1509 cum
707 1445 800 1510 omni
822 1444 954 1512 honore
971 1457 1007 1513 et
1029 1445 1103 1514 lau·

201 1547 246 1612 de
268 1550 462 1614 reverende
485 1550 724 1636 processionis.

290 2075 352 2145 Sic
381 2079 510 2166 itaque,
541 2078 659 2144 divina
692 2086 917 2146 succurrente
949 2080 1102 2153 dextera,

201 2183 505 2250 fundamentorum
518 2182 654 2249 fabrica
664 2181 734 2269 jam
747 2203 855 2270 usque
869 2183 914 2250 ad
925 2186 1103 2271 superiora

201 2295 379 2372 provecta,
399 2285 481 2352 dum
504 2284 574 2350 tale
598 2305 685 2371 opus
707 2285 743 2349 in
759 2284 899 2374 longum
923 2288 1103 2372 protendi·

200 2399 269 2465 tur,
281 2387 430 2475 populus
453 2388 577 2453 timere
596 2388 690 2474 cepit
704 2408 748 2452 ne
765 2388 922 2455 deffectu
938 2389 1102 2475 lapidum,

201 2490 284 2575 quia
299 2489 457 2557 modicus
472 2499 548 2556 erat
565 2499 760 2574 apparatus,
775 2489 855 2555 talis
871 2489 1032 2559 Ecclesia
1047 2514 1103 2558 re·

200 2602 359 2658 maneret
372 2592 589 2678 imperfecta.
614 2588 704 2667 Quis
728 2602 833 2678 queat
854 2591 1021 2659 immensa
1044 2605 1104 2661 tua

200 2693 296 2759 Deus
311 2714 492 2760 numerare
509 2690 700 2759 beneficia?
728 2692 836 2771 Ecce,
853 2693 912 2760 ubi
927 2716 1103 2782 nunquam

201 2795 246 2862 ab
277 2796 392 2882 aliquo
421 2795 576 2863 auditum
606 2794 731 2872 fuerat,
763 2806 896 2862 mentes
926 2797 1103 2865 hominum

199 2898 413 2982 persuadens
429 2908 556 2964 terram
572 2896 661 2961 facis
683 2897 805 2974 effodi,
829 2898 934 2963 mirar
956 2921 1110 2981 marma,

199 3020 276 3064 rum
291 2999 448 3086 lapidum
465 3017 532 3086 que
550 2997 729 3085 congeries
745 3019 789 3064 ex
805 3000 1023 3067 moltitudine
1039 3003 1103 3067 mi-

200 3101 468 3168 sericordiarum
481 3111 617 3167 tuarum
634 3099 788 3189 dignaris
804 3104 999 3182 ostendere,
1013 3124 1102 3191 quae

201 3203 248 3269 ad
262 3202 512 3291 perficiendum
529 3223 616 3288 opus
631 3203 809 3290 inceptum
827 3204 988 3272 videatur
1001 3226 1102 3292 posse

200 3305 367 3372 sufficere.

404 4135 559 4222 Erigitur
585 4137 702 4220 itaque
734 4132 862 4200 diversi
889 4130 1003 4216 operis
1034 4150 1106 4196 ma-

205 4243 321 4321 china,
345 4243 560 4309 effodiuntur
582 4261 753 4307 marmora
768 4238 927 4326 insignia,
943 4236 1106 4321 sculpun-

203 4358 262 4412 tur
285 4358 358 4413 arte
381 4345 538 4424 mirifica,
560 4343 784 4411 sublevantur
806 4353 843 4407 et
864 4351 1107 4407 construuntur

204 4468 330 4536 magno
346 4467 426 4513 cum
440 4446 559 4513 labore
575 4457 610 4511 et
627 4445 794 4511 artificum
811 4441 990 4508 industria.
1022 4542 1052 4610 C

1052 4564 1107 4608 re-

205 4662 306 4718 scunt
328 4673 413 4740 ergo
435 4652 595 4739 parietes,
628 4650 753 4717 crescit
776 4646 964 4723 edificium,
987 4647 1105 4714 lauda-

132 4767 177 4832 50
204 4766 262 4821 tur
277 4765 313 4821 et
329 4753 517 4833 extollitur,
533 4774 664 4819 summe
680 4751 785 4829 Deus,
801 4762 898 4818 tuum
914 4747 1105 4814 ineffabille
1160 4727 1266 4795 fabsse
1290 4728 1501 4796 benefitium·

1155 707 1347 792 septimam,
1375 719 1499 793 epacta
1523 720 1637 774 autem
1661 710 1828 798 vigesima
1849 720 1950 788 sesta,
1975 708 2054 776 luna

1156 836 1294 903 quoque
1328 816 1495 902 vigesima
1529 837 1631 894 nona,
1666 818 1755 882 teria
1789 819 1943 884 secunda
1977 828 2056 905 post

1157 923 1391 988 ascensionem
1403 922 1542 988 Domini
1552 924 1660 990 nostri
1670 925 1747 990 Iesu
1755 923 1885 991 Christi
1898 925 1943 992 ad
1951 924 2054 993 celos.

1156 1026 1264 1105 Quod
1276 1029 1417 1117 quidem
1433 1030 1697 1098 fundamentum
1711 1032 1899 1098 cementari
1916 1042 2056 1118 ceptum

1156 1144 1209 1200 est
1224 1133 1347 1201 eodem
1370 1156 1472 1214 anno,
1488 1137 1681 1224 eodemque
1703 1159 1830 1216 mense,
1848 1139 1938 1205 sicut
1953 1158 2056 1224 supra

1157 1239 1375 1319 dictumest,
1400 1243 1518 1328 quinta
1548 1242 1627 1309 idus
1653 1245 1750 1323 iunii,
1774 1255 1897 1311 octavo
1921 1245 2057 1312 decimo

1156 1346 1321 1415 videlicet
1336 1349 1393 1414 die
1405 1360 1484 1434 post
1497 1347 1754 1416 inchoationem
1770 1350 1940 1428 fossionis,
1951 1351 1988 1416 in
2003 1372 2058 1417 so-

1157 1451 1359 1540 lempnitate
1382 1456 1554 1542 siquidem
1577 1466 1774 1524 sanctorum
1788 1453 1897 1522 Primi
1913 1468 1949 1524 et
1963 1453 2058 1522 Feli·

1158 1561 1259 1639 ciani,
1284 1582 1363 1626 cum
1386 1560 1556 1641 laudibus,
1579 1562 1692 1650 ymnis
1718 1574 1755 1629 et
1782 1563 1950 1643 cantibus,
1978 1583 2056 1629 cum

1157 1668 1267 1733 cereis
1283 1679 1319 1734 et
1340 1667 1558 1754 lampadibus
1582 1689 1661 1735 cum
1674 1669 1944 1756 Evangeliorum
1959 1670 2056 1737 testi-

1157 1767 1220 1834 bus
1243 1780 1278 1834 et
1301 1769 1472 1847 crucibus,
1497 1791 1576 1836 cum
1599 1770 1820 1837 multitudine
1845 1772 1997 1838 virorum
2021 1781 2057 1837 et

1156 1871 1349 1950 mulierum,
1362 1893 1442 1938 cum
1454 1874 1547 1938 omni
1559 1873 1689 1940 honore
1702 1883 1739 1940 et
1751 1872 1852 1939 laude
1864 1873 2056 1940 reverende

1156 1976 1394 2058 processionis.
1775 2032 1779 2050 ,

1244 2074 1304 2143 Sic
1318 2076 1447 2165 itaque,
1460 2076 1576 2144 divina
1591 2062 1803 2144 subuehente
1816 2076 1960 2144 dextera
1975 2078 2056 2144 fun·

1157 2177 1396 2244 damentorum
1418 2179 1552 2247 fabrica
1575 2180 1644 2244 iam
1667 2200 1775 2266 usque
1799 2179 1844 2246 ad
1874 2180 2053 2266 superiora

1156 2291 1332 2365 provecta,
1356 2280 1439 2346 dum
1461 2292 1593 2347 tantum
1611 2302 1652 2347 ac
1674 2281 1745 2348 tale
1761 2302 1848 2368 opus
1863 2282 1900 2346 in
1917 2281 2057 2369 longum

1156 2381 1384 2468 protenditur,
1401 2384 1586 2475 multorum
1611 2382 1783 2449 mentibus
1806 2384 1910 2450 timor
1931 2383 2058 2449 incuti-

1155 2494 1222 2562 tur,
1253 2506 1298 2550 ne
1322 2485 1463 2553 delectu
1485 2486 1652 2573 lapidum,
1685 2486 1766 2572 quia
1796 2484 1953 2552 modicus
1984 2496 2059 2552 erat

1158 2598 1353 2673 apparatus,
1375 2599 1572 2653 remaneret
1592 2589 1630 2652 in
1645 2608 1803 2654 vacuum.
1848 2585 1948 2667 Quis,
1963 2587 2059 2653 Deus

1155 2689 1332 2768 immense,
1344 2700 1403 2755 tua
1415 2700 1521 2777 queat
1535 2710 1717 2756 numerare
1735 2688 1927 2757 beneficia?
1951 2690 2058 2757 Cuius

1156 2791 1353 2859 redundans
1369 2792 1546 2870 facundia,
1564 2793 1662 2858 cuius
1678 2791 1870 2858 exuberans
1893 2791 2059 2879 eloquen-

1155 2895 1204 2959 tia
1235 2905 1295 2961 tua
1317 2894 1429 2980 possit
1449 2915 1590 2960 narrare
1619 2893 1815 2984 magnalia?
1861 2895 1967 2974 Ecce,
1999 2894 2058 2961 ubi

1156 3017 1331 3084 nunquam
1343 2997 1465 3076 visum,
1477 3018 1653 3085 nunquam
1667 2996 1868 3084 cogitatum,
1882 3017 2059 3086 nunquam

1158 3100 1200 3167 ab
1232 3100 1348 3188 aliquo
1377 3100 1531 3167 auditum
1562 3102 1688 3180 fuerat,
1720 3112 1852 3168 mentes
1882 3102 2059 3169 hominum

1156 3201 1368 3288 persuadens
1391 3212 1519 3266 terram
1542 3202 1630 3268 facis
1654 3201 1829 3278 effodere3
1853 3205 1956 3268 miras
1972 3203 2059 3289 lapi-

1157 3301 1250 3379 dum,
1274 3322 1552 3389 marmorumque
1577 3303 1759 3391 congeries
1783 3324 1827 3368 ex
1842 3304 2059 3371 moltitudine

1157 3405 1470 3472 misericordiarum
1505 3415 1641 3470 tuarum
1675 3406 1832 3493 dignaris
1862 3405 2059 3480 ostendere;

1158 3528 1224 3593 que
1241 3507 1383 3594 quidem
1401 3509 1447 3573 ad
1469 3507 1722 3592 perficiendum
1746 3518 1888 3593 ceptum
1908 3526 1994 3594 opus
2008 3507 2060 3571 vi-

1158 3608 1304 3675 deantur
1319 3609 1401 3675 satis
1418 3628 1518 3694 posse
1545 3607 1716 3674 sufficere.
1741 3606 1848 3685 Quod
1871 3618 1977 3685 certe,
1999 3627 2062 3694 pa·

1156 3722 1211 3776 ter
1233 3710 1458 3788 sanctissime,
1476 3731 1545 3776 non
1568 3710 1693 3776 nostris
1717 3709 1943 3777 adscribimus
1958 3709 2061 3774 meri·

1120 3894 1123 3899 Ι
1156 3814 1211 3890 tis,
1235 3833 1305 3878 non
1328 3813 1420 3878 enim
1442 3814 1547 3880 tantis
1575 3833 1691 3878 sumus
1721 3812 1819 3900 digni
1845 3811 2060 3888 beneficiuis,

1158 3913 1220 3981 sed
1231 3912 1325 3978 illius
1339 3924 1374 3980 te
1391 3913 1564 3980 credimus
1577 3913 1769 3980 excitatum
1784 3912 1948 3998 precibus
1964 3911 2061 3978 cuius

1159 4037 1202 4080 ex
1228 4016 1350 4082 intimo
1375 4016 1481 4083 corde
1509 4017 1687 4082 servitium
1711 4035 1849 4100 semper
1872 4013 2061 4100 adimplere

1159 4117 1309 4182 nitimur.
1352 4116 1508 4205 Erigitur
1522 4118 1640 4203 itaque
1659 4115 1787 4182 diversi
1802 4116 1917 4202 operis
1932 4114 2063 4182 machi-

1159 4239 1219 4294 na3
1245 4218 1460 4286 effodiuntur
1482 4239 1652 4284 marmora
1679 4217 1837 4306 insignia,
1860 4219 2065 4305 sculpuntur

1161 4341 1201 4386 ac
1224 4320 1402 4404 poliuntur
1425 4330 1497 4385 arte
1515 4319 1678 4396 mirifica3
1696 4317 1921 4385 sublevantur
1931 4330 1968 4384 et
1983 4339 2065 4385 con-

1160 4432 1337 4487 struuntur
1360 4442 1485 4509 magno
1504 4442 1583 4487 cum
1600 4419 1718 4487 labore
1738 4431 1774 4485 et
1790 4422 1959 4487 artificum
1975 4429 2066 4485 astu-

1159 4525 1219 4590 tia.
1258 4521 1430 4589 Crescunt
1445 4543 1529 4611 ergo
1546 4523 1706 4609 parietes,
1728 4523 1857 4589 crescit
1880 4522 2060 4595 edifitium3

1161 4625 1320 4693 laudatur
1343 4636 1379 4692 et
1394 4624 1582 4703 extollitur,
1596 4645 1727 4690 summe
1742 4625 1850 4704 Deus,
1863 4636 1961 4692 tuum
1975 4622 2066 4688 inef-

1249 4923 1293 4978 24.
1311 4912 1371 4961 Nel
1385 4911 1443 4962 cod.
1463 4910 1508 4961 Sic
1528 4911 1569 4961 sic
