4524 6968
66 538 123 601 est
147 529 251 600 Deus
277 526 450 623 Optimus
476 525 666 598 Maximus
692 525 828 598 tribuat
854 534 894 598 et
921 523 1098 600 collectio
1124 535 1250 599 nostra
1275 526 1314 597 in
1341 525 1631 623 vulgus'integra
1658 528 1930 624 quamprimum

66 699 187 780 exeat,
216 711 255 760 re
282 688 363 784 ipsa
391 687 544 782 quisque
574 687 786 782 comperiet
811 709 834 758 a
861 708 954 759 vero
982 709 1051 757 nos
1085 709 1162 758 non
1196 684 1384 778 abludere,
1413 689 1444 759 si
1470 688 1561 762 talia
1587 690 1772 763 constanti
1807 690 1932 762 animo

69 849 367 944 pronunciamus.
421 847 568 944 Signati
600 868 758 943 namque
794 846 1051 920 Ambrosiano
1087 848 1237 921 nomine
1266 859 1323 922 tot
1350 847 1502 922 codices
1529 860 1802 943 enmnerantur,
1832 851 1932 923 utin

66 1023 233 1084 nostram
264 1008 362 1083 ultro
397 1009 620 1083 sententiam
656 1008 824 1082 literatos
859 1030 994 1081 omnes
1029 1009 1131 1080 viros
1167 1032 1333 1083 cessuros
1360 1033 1440 1083 eme
1468 1032 1545 1081 non
1581 1009 1803 1084 dubitemus.
1859 1008 1932 1082 Sed

67 1171 164 1256 ultro
190 1171 260 1266 ipsi
286 1193 354 1243 nos
381 1167 549 1246 debitum
576 1169 710 1267 cuique
738 1193 845 1243 suum
872 1169 1000 1243 libenti
1037 1171 1164 1242 animo
1198 1169 1466 1267 persolvamus.
1519 1172 1722 1246 Patuerunt
1747 1172 1867 1247 etiam
1893 1183 1929 1245 et
1964 1181 1974 1246 t

67 1331 161 1404 aliae
188 1331 437 1426 amplissimae
463 1330 734 1422 Bibliothecae,
761 1331 971 1426 principum
998 1340 1038 1403 et
1064 1329 1264 1404 doctorum
1282 1332 1476 1403 hominum
1495 1332 1746 1405 beneficentia
1764 1341 1804 1406 et
1828 1353 1933 1427 prae·

68 1494 176 1587 cipue
203 1493 380 1584 Estensis,
401 1491 497 1563 unde
525 1491 641 1564 multa
668 1491 782 1564 etiam
810 1503 848 1564 et
863 1490 1140 1604 ’pretiosissima
1166 1490 1206 1563 in
1225 1490 1490 1566 collectionem
1511 1503 1675 1566 nostram
1696 1491 1930 1569 contulimus

69 1653 218 1727 Horum
244 1654 283 1725 in
309 1675 464 1725 numero
490 1661 576 1724 sunt
602 1651 835 1725 eaffarorum
863 1651 1040 1741 Annales,
1066 1676 1112 1725 ne
1140 1654 1355 1748 magistrum
1381 1655 1718 1750 Boncompagnum
1737 1663 1777 1726 et
1793 1652 1933 1725 Radul·

70 1815 184 1910 phum
210 1788 532 1887 mediolanensem
558 1813 618 1887 hic
652 1836 874 1905 memorem,
902 1836 996 1910 quos
1020 1814 1059 1889 iu
1087 1814 1160 1886 hoc
1186 1824 1292 1887 tomo
1319 1814 1456 1909 publici
1492 1814 1579 1907 juris
1610 1814 1779 1904 fecimus,
1816 1817 1933 1887 nomi·

70 1978 182 2072 nique
209 1987 275 2048 tuo
301 1976 447 2048 dicatos
473 1974 671 2067 voluimus,
700 1984 741 2046 ut
768 1997 961 2046 numerum
988 1975 1323 2051 Ambrosianomm
1356 1975 1533 2047 codicum
1560 1985 1721 2071 augeant
1748 1985 1789 2048 et
1814 1973 1929 2049 veluti
1952 1984 1974 2048 lt

71 2138 210 2210 exotici
237 2137 360 2228 flores,
389 2157 518 2231 agrurn
543 2135 792 2208 felicissimum
810 2146 915 2208 tuum
933 2145 1134 2226 exornent3
1162 2137 1231 2208 hos
1258 2136 1379 2232 igitur,
1407 2156 1594 2210 eumenes
1620 2156 1932 2229 mmmmm,

69 2297 217 2369 aliunde
245 2296 473 2393 conquisitos
500 2319 576 2367 non
603 2297 680 2367 sine
717 2297 831 2367 animi
866 2293 1094 2388 jucunditate
1121 2294 1313 2391 perleges3
1351 2296 1508 2369 eximias
1534 2296 1632 2368 enim
1653 2297 1855 2395 Januensis
1880 2298 1933 2369 in·

73 2458 193 2555 clytae
221 2456 464 2553 Reipublicae
492 2459 657 2530 fortunas
685 2457 876 2529 continent
901 2467 938 2530 et
956 2457 1066 2530 fortia
1084 2467 1190 2552 gesta
1207 2455 1404 2530 illustrium
1421 2457 1589 2529 viromm
1605 2468 1683 2532 tam
1701 2459 1740 2529 in
1757 2457 1933 2538 finitimos

68 2618 223 2692 Pisanos
248 2618 421 2713 populna,
449 2640 607 2713 quorum
633 2616 740 2689 simul
766 2616 932 2689 Annales
959 2617 1182 2708 recudimus,
1203 2640 1315 2713 quam
1341 2619 1380 2688 in
1407 2617 1550 2692 dissitas
1575 2617 1689 2714 longe
1707 2618 1881 2713 regiones
1899 2631 1935 2691 et

70 2789 212 2875 genter,
240 2801 432 2874 quousque
459 2777 657 2873 imperium
683 2800 789 2850 suum
817 2779 928 2851 armis
946 2788 985 2850 et
1004 2778 1160 2850 consilio
1177 2776 1416 2873 protelarunt.
1472 2776 1685 2851 Succedunt
1708 2779 1766 2850 his
1791 2778 1935 2874 patriae
1957 2785 1974 2848 l!

69 2939 372 3013 Mediolanenses
397 2939 584 3030 historiae,
613 2960 708 3036 quae
736 2951 841 3033 gesta
867 2936 1049 3011 Friderici
1077 2939 1298 3013 Aenobarbi
1327 2939 1530 3032 continent,
1559 2950 1598 3013 et
1623 2939 1830 3014 immanem
1857 2940 1936 3012 foe·

71 3099 231 3196 dumque
258 3100 363 3193 hujus
389 3099 490 3171 urbis
516 3098 664 3172 cladem
692 3122 714 3171 a
741 3100 853 3171 variis
880 3122 1011 3171 eorum
1037 3109 1248 3196 temporum
1284 3101 1525 3195 scriptoribus
1552 3121 1778 3196 expressam
1834 3100 1936 3196 Epo·

72 3259 141 3333 cha
166 3283 269 3352 sane,
297 3282 409 3357 quam
436 3259 659 3332 abhorreant
685 3259 867 3332 memoria
894 3259 1145 3334 calamitatum
1162 3259 1332 3333 insubres
1359 3263 1432 3354 tui3
1460 3259 1619 3332 sednon
1637 3261 1790 3334 estsine
1809 3261 1936 3354 jucrrn-

75 3419 191 3494 ditate
219 3443 384 3512 moeror,
413 3443 498 3493 cum
525 3418 852 3493 animadvertimus
878 3420 964 3493 hinc
982 3420 1091 3494 fuisse
1110 3420 1265 3494 laetiora
1293 3431 1331 3493 et
1358 3419 1473 3493 veluti
1492 3444 1514 3493 e
1532 3445 1601 3493 suo
1618 3444 1715 3518 rogo
1741 3443 1936 3494 renascen-

72 3594 152 3654 tem
177 3581 310 3654 urbem
337 3582 376 3652 in
403 3582 498 3654 hanc
524 3580 678 3653 demum
706 3579 989 3676 amplitudinem
1015 3583 1174 3674 venisse,
1195 3592 1235 3655 ut
1251 3582 1460 3677 principum
1477 3605 1628 3654 suorum
1645 3583 1777 3678 gloria,
1797 3583 1936 3657 civium
1958 3591 1974 3653 l

72 3741 299 3834 fortitudine,
327 3754 438 3836 atque
464 3740 652 3834 industria,
681 3740 937 3814 aedificiorum
965 3740 1149 3837 elegantia
1166 3752 1205 3814 et
1222 3741 1421 3835 soliditate,
1441 3743 1563 3838 plures
1581 3742 1672 3815 alias
1690 3753 1775 3838 post
1792 3767 1834 3816 se
1852 3743 1936 3816 reli·

73 3903 204 4001 querit,
232 3924 277 3976 ac
305 3901 446 3976 avitum
473 3902 589 3974 ferme
617 3900 732 3975 decus
759 3912 843 3997 post
871 3903 996 3974 varios
1023 3923 1127 3975 casus
1144 3903 1430 3998 recuperaverit,
1456 3901 1554 3976 unde
1582 3904 1651 3976 sibi
1677 3904 1936 3978 aeternitatem

73 4085 157 4137 eam
183 4063 399 4157 juremerito
424 4061 596 4158 polliceri
623 4063 750 4158 possit,
780 4086 893 4159 quam
920 4062 1014 4135 aliae
1044 4061 1103 4137 vel
1130 4085 1152 4134 a
1179 4030 1360 4160 praesenti
1396 4065 1491 4138 fastu
1519 4089 1563 4138 ac
1590 4064 1772 4160 superbia,
1800 4063 1865 4136 vel
1891 4065 1936 4139 ab

71 4224 240 4297 inanibus
266 4224 427 4320 auguriis
455 4223 726 4298 ominabantur.
781 4224 855 4297 Ast
872 4247 946 4319 ego
966 4248 1051 4296 curn
1074 4225 1167 4298 haec
1195 4236 1319 4298 mente
1348 4225 1596 4320 contemplor,
1625 4225 1748 4298 statim
1775 4226 1937 4299 occurrit

74 4385 166 4461 felix
195 4364 446 4460 nobilissimae
473 4384 634 4458 familiae
661 4396 745 4459 tuae
772 4385 811 4455 in
836 4384 929 4459 hanc
958 4387 1088 4457 urbem
1124 4384 1310 4480 migratio,
1348 4410 1424 4459 non
1452 4388 1587 4481 exigua
1615 4410 1798 4459 novarum
1824 4387 1974 4460 tortu-2

76 4569 206 4618 narum
231 4569 317 4642 pars
344 4556 381 4619 et
408 4556 684 4637 ornamentum3
713 4568 798 4617 curn
826 4566 870 4616 ea
896 4544 1078 4641 siquidem
1105 4547 1258 4619 virtutes
1286 4569 1416 4618 omnes
1443 4546 1515 4618 huc
1552 4546 1744 4620 translatas
1769 4559 1810 4621 et
1836 4547 1936 4620 felici

75 4710 242 4805 germine
270 4717 493 4803 propagatas
529 4728 643 4778 nemo
678 4705 912 4798 inficiabitur,
951 4730 1036 4779 curn
1071 4717 1177 4801 gesta
1212 4707 1394 4801 majorum
1426 4719 1574 4781 tuorum
1600 4717 1808 4803 percurrat:
1837 4707 1936 4781 nulla

75 4870 212 4964 quippe
238 4868 319 4940 laus
346 4865 449 4941 domi
476 4865 637 4962 forisque
666 4878 881 4962 comparata
908 4865 1041 4939 clarius
1069 4867 1209 4959 enituit,
1236 4890 1348 4962 quam
1376 4889 1470 4962 quae
1498 4868 1844 4942 Bounomsoaunr
1871 4892 1936 4940 no·

77 5031 175 5102 mina
204 5030 412 5102 comitatur.
468 5026 582 5108 Quod
608 5027 638 5098 si
666 5026 780 5122 paulo
808 5027 915 5100 altius
941 5028 1109 5100 historias
1135 5039 1356 5122 repetamus,
1386 5050 1435 5099 ex
1462 5029 1642 5103 Patavina
1668 5030 1935 5120 dominatione,

75 5193 125 5264 ob
154 5214 267 5289 quam
293 5190 457 5261 maiores
484 5189 538 5261 tui
555 5189 740 5262 constanti
767 5189 865 5261 fama
884 5189 1129 5281 celebrantur,
1148 5189 1381 5284 praeclarum
1400 5189 1515 5261 etiam
1531 5201 1734 5262 renovatae
1753 5190 1853 5263 urbis
1871 5188 1934 5261 de·
1956 5193 1974 5256 t

77 5376 143 5425 cus
168 5362 370 5442 accrescet,
399 5373 494 5446 quae
521 5351 622 5422 viros
647 5350 807 5447 inclytos
834 5353 1003 5424 fortunae
1029 5352 1170 5447 impetu
1197 5352 1352 5445 jactatos
1379 5351 1580 5423 Aetruriae
1605 5351 1752 5441 invidit,
1779 5351 1935 5426 allecto·

77 5536 166 5610 sque
192 5513 230 5583 in
257 5512 440 5606 gremium
468 5511 612 5606 accepit
639 5521 678 5583 et
703 5521 886 5605 perpetuo
914 5511 1009 5584 fovit
1035 5511 1226 5585 latitudine
1244 5508 1508 5607 dynastiarum,
1528 5511 1576 5585 ad
1594 5511 1811 5585 Verbanum
1829 5533 1935 5607 prae·

78 5676 186 5770 cipue
213 5673 348 5766 lacum,
377 5674 602 5765 honestatos,
632 5682 673 5745 ut
701 5672 874 5767 partitam
900 5672 1008 5746 fixisse
1037 5696 1122 5751 cum
1148 5674 1412 5747 Bomomns
1438 5674 1634 5770 imperium
1660 5673 1936 5769 propemodum

917 5998 1099 6069 „b-
