4524 6968
215 522 402 601 videatur.
457 523 559 606 Quid
576 525 607 597 si
623 518 788 598 Romam
804 525 925 622 ipsam
944 523 1164 618 divinarum,
1184 537 1296 626 atque
1306 527 1554 620 ‚humanarum
1582 549 1704 601 rerum
1732 525 1925 600 dominam
1953 550 1974 598 a
2002 549 2087 621 per·
2108 546 2112 559 ·

215 685 340 783 petuis
364 686 405 759 in
430 697 515 760 tuos
540 683 726 758 illecebris
753 695 791 758 et
817 660 1072 781 largitionibus
1089 687 1375 762 amantissimam
1392 688 1636 761 Romnum
1653 689 1813 759 nominis
1831 688 2087 782 argumenter?

218 844 325 928 Quid
342 846 374 921 si
391 845 603 943 frequentes
621 846 779 921 eximias
797 849 1041 942 cognationes
1059 872 1145 921 cum
1163 849 1235 921 tuis
1253 849 1290 920 in
1308 847 1474 921 medium
1497 848 1696 945 proferam,
1716 847 1848 944 quibus
1865 859 1923 921 tot
1940 847 2087 921 Summi

219 1007 436 1100 Pontifices,
465 1005 591 1081 Sixtus
617 1029 752 1104 nempe
779 1006 848 1101 IV,
871 1007 989 1108 Julius
1016 1008 1059 1102 11,
1088 1009 1177 1083 Pius
1204 1008 1273 1101 1V,
1301 1008 1476 1083 Urbanus
1503 1007 1606 1101 VIII,
1635 1007 1871 1081 Innocentius
1888 1008 1945 1081 XI
1962 1020 2001 1082 et
2018 1031 2087 1080 no·

163 1168 362 1244 Svaime
389 1166 564 1242 Clemens
590 1167 658 1259 XI,
686 1180 814 1241 vetera
840 1168 1003 1242 familiae
1039 1179 1124 1242 tuae
1161 1168 1301 1242 decora
1336 1168 1494 1243 lucidius
1522 1167 1766 1242 illustrarunt?
1821 1167 1923 1249 Quid
1959 1168 2090 1241 sisin-

218 1328 307 1426 gula
332 1325 554 1421 sacerdotia,
584 1301 821 1423 episcopales
848 1328 983 1402 insulas
1001 1341 1039 1403 et
1058 1329 1329 1403 cardinalitiam
1347 1305 1569 1424 dignitatem
1588 1351 1815 1420 enumerem,
1835 1342 1964 1425 quatu
1984 1330 2089 1425 quin·

217 1502 277 1566 tus
303 1491 400 1564 inter
425 1500 510 1564 tuos
536 1487 696 1562 donatus
723 1491 788 1560 es?
845 1488 947 1570 Quid
975 1489 1005 1561 si
1033 1489 1156 1564 civilia
1185 1501 1223 1563 et
1259 1490 1395 1562 bellica
1432 1512 1599 1583 munera,
1628 1512 1722 1584 quae
1751 1489 1993 1563 ΒοκκοΜΑει
2020 1513 2089 1585 per

219 1653 434 1725 universam
460 1651 537 1725 fere
563 1653 755 1746 Europam
782 1650 940 1724 feliciter
965 1652 1185 1746 gesserunt?
1239 1651 1417 1725 Omnium
1435 1652 1522 1724 vice
1542 1651 1588 1724 sit
1607 1650 1871 1746 amplissimum
1889 1649 1993 1743 illud,
2014 1675 2089 1746 quo

220 1811 551 1888 excellentissimus
578 1835 708 1886 comes
736 1811 925 1887 Canobus
954 1813 1066 1886 frater
1092 1823 1175 1886 tuus
1203 1813 1394 1886 Csnssms
1431 1822 1660 1908 procurator,
1692 1814 1771 1884 sive
1808 1810 2008 1907 imperialis
2033 1813 2090 1883 vi·

161 1984 196 2051 Ιο
220 1975 357 2067 carius,
384 1984 426 2048 ut
451 1984 603 2064 vocant,
632 1995 700 2068 per
726 1973 939 2045 universam
966 1971 1114 2046 Italiam
1139 1973 1236 2046 inter
1262 1972 1300 2045 S.
1329 1975 1379 2046 R.
1398 1972 1428 2044 1.
1447 1972 1705 2046 beneficiarios
1722 1973 1777 2066 jus
1804 1973 1906 2064 dicit,
1937 1994 1982 2043 ea
2002 1996 2089 2068 pru-

219 2134 373 2210 dentiae
401 2158 446 2208 ac
473 2134 630 2228 justitiae
658 2131 778 2226 laude,
808 2157 881 2230 qua
908 2155 1064 2228 regnum
1099 2132 1395 2228 Neapolitanum
1423 2131 1633 2206 felicissime
1661 2134 1771 2206 rexit.
1826 2133 2091 2228 Ammissimae

220 2294 376 2394 quidem
402 2296 472 2367 hae
499 2294 710 2390 dignitates,
739 2316 891 2391 quarum
920 2294 983 2365 vix
1010 2293 1103 2366 aliae
1130 2294 1169 2365 in
1196 2295 1340 2389 priuata
1367 2295 1516 2367 fortuna
1544 2295 1819 2385 eminentiores,
1838 2293 1878 2365 id
1896 2294 1977 2386 sibi,
2007 2319 2092 2367 cum

218 2460 258 2530 in
287 2456 637 2530 BORROMAEORUM
653 2454 830 2534 familiam
849 2455 1112 2546 concesserint,
1130 2457 1370 2551 praecipuum
1391 2456 1659 2547 nanciscuntur,
1679 2465 1719 2527 ut
1737 2456 1844 2528 fastui
1865 2453 1952 2528 licet
1971 2455 2090 2528 obno-

219 2619 321 2713 xiae,
351 2642 438 2692 cum
464 2616 646 2713 gentilitia
672 2637 916 2689 summanus
950 2617 1228 2711 conjungantur,
1259 2640 1464 2712 perquam
1492 2617 1631 2689 nemini
1658 2617 1886 2712 periculosae
1916 2627 1979 2689 aut
1996 2618 2091 2689 invi·

161 2789 192 2857 ‚5
219 2781 293 2854 dae
323 2779 612 2875 comperiuntur.
667 2778 711 2851 Id
738 2798 895 2873 namque
923 2777 1161 2851 tribuendum
1188 2778 1394 2851 sanctitatis
1422 2802 1467 2850 ac
1494 2801 1641 2850 morum
1668 2777 1885 2873 disciplinae
1902 2787 2093 2873 praestan·

219 2942 366 3016 timimo
403 2939 578 3034 exemplo
616 2963 639 3011 a
674 2937 813 3012 familia
839 2951 901 3012 tua
928 2939 1047 3034 petito
1076 2940 1125 3014 D.
1153 2937 1297 3012 scilicet
1325 2939 1503 3030 Cauouo,
1535 2939 1637 3033 cujus
1664 2952 1704 3013 ut
1731 2951 1871 3012 sortem
1903 2941 1941 3011 in
1969 2939 2090 3011 cardi·

221 3103 353 3177 mlitia
380 3111 419 3174 et
445 3100 751 3196 archiepiscopali
780 3101 995 3196 aequiparas
1023 3098 1217 3195 dignitate,
1245 3100 1297 3173 ita
1314 3112 1366 3192 tu,
1386 3121 1573 3174 eumenes
1602 3120 1918 3193 unssnurr‘rrssrnur,
1938 3101 2093 3176 virtutes

221 3263 393 3355 imitaris,
421 3262 616 3357 largitione
635 3274 815 3357 perpetua
833 3263 871 3333 in
889 3283 1072 3356 pauperes
1091 3272 1129 3334 et
1148 3260 1421 3335 ecclesiasticae
1440 3262 1656 3357 disciplinae
1675 3262 1899 3357 integritate,
1920 3285 1992 3358 qua
2009 3264 2093 3336 No·

221 3425 434 3498 variensem
469 3423 679 3498 Ecclesiam
713 3422 897 3495 bonorum
935 3423 1101 3494 omnium
1137 3422 1278 3518 plausu,
1316 3435 1427 3518 atque
1456 3422 1700 3496 admiratione
1729 3423 1828 3516 regis
1855 3433 1893 3494 et
1921 3446 2091 3497 exornas.

161 3595 195 3661 lo
221 3583 301 3659 Sed
328 3582 408 3656 aliis
434 3585 528 3656 haec
556 3584 711 3657 materia
737 3582 1003 3676 laudationum,
1030 3584 1091 3655 vel
1118 3582 1229 3654 nobis
1256 3586 1369 3657 etiam
1397 3586 1435 3655 in
1463 3582 1565 3656 aliud
1593 3596 1736 3678 tempus
1765 3582 1972 3674 differatur;
1999 3585 2094 3659 inte·

220 3747 294 3819 rim
321 3744 451 3842 accipe
479 3742 660 3818 devotum
687 3744 855 3839 obsequii
884 3743 1000 3817 nostri
1028 3744 1172 3839 pignus,
1200 3765 1245 3815 ac
1272 3743 1460 3816 Palatinos
1487 3744 1620 3835 socios,
1659 3767 1793 3840 meque
1821 3745 1889 3817 tibi
1917 3744 2094 3817 addictis-

219 3907 372 3997 simum,
401 3929 475 4002 qua
501 3904 599 3978 soles
626 3905 853 3979 humanitate
881 3925 1124 4000 prosequere:
1154 3915 1320 3976 crescent
1349 3904 1449 3975 enim
1468 3905 1614 3978 animus
1635 3915 1673 3977 et
1691 3905 1788 3976 vires
1809 3904 1984 3978 adversus
2002 3930 2096 4001 opus

222 4067 326 4142 mole
355 4089 532 4163 magnum
561 4079 599 4141 et
625 4069 721 4140 inter
747 4065 975 4140 domesticos
1003 4065 1099 4137 lares
1125 4077 1207 4137 tuos
1236 4066 1421 4157 obortum,
1451 4089 1526 4162 quo
1555 4064 1601 4139 sit
1630 4067 1801 4138 omnibus
1829 4066 1959 4156 carius,
1988 4067 2097 4138 nobi·
