4524 6968
324 363 420 437 XVI
1041 364 1457 440 INTRODUZIONE

323 630 363 703 di
389 652 454 703 san
473 629 693 704 Geminiano
708 624 733 722 ¹,
762 653 870 704 corne
897 628 1063 706 credette
1081 632 1107 703 il
1125 630 1309 706 Muraton'
1322 625 1348 704 ².
1403 633 1505 723 Cosi,
1526 654 1599 707 con
1617 629 1816 727 l'aggiunta
1843 629 1943 704 della
1960 629 2188 726 Descripta,

322 765 358 836 la
385 764 461 838 vita
487 765 595 859 passis
623 762 683 835 dal
710 764 832 859 primo
858 763 893 834 al
919 762 1086 837 secondo
1113 765 1247 838 stadio.
1302 765 1331 838 ΙΙ
1359 763 1560 839 Bortolotti
1588 764 1635 834 ha
1662 765 1727 859 poi
1756 765 1939 840 avvertito
1959 764 2082 837 chela
2108 766 2189 837 vita

322 898 418 972 ebbe
444 897 556 969 infine
583 897 674 972 altre
701 920 841 989 cure,e
867 898 915 968 ha
942 897 1097 994 opinato
1125 898 1193 970 che
1222 924 1270 971 un
1289 900 1470 973 Vescovo
1497 898 1698 972 modenese
1725 898 1824 972 forse
1852 895 1950 971 dove
1977 923 2047 993 por
2073 921 2187 972 mano

324 1032 395 1107 alla
419 1031 600 1126 biografia
624 1054 692 1128 per
710 1030 879 1109 renderla
897 1032 960 1128 piu
985 1033 1095 1128 piena
1112 1054 1133 1104 e
1153 1031 1343 1106 definitiva
1352 1026 1377 1105 ⁸.
1433 1032 1462 1104 ss
1489 1054 1616 1105 nuovo
1627 1031 1874 1108 emendatore
1892 1033 2056 1106 avrebbe
2083 1033 2190 1107 lavo-

322 1177 416 1260 rato,
442 1163 608 1241 secondo
625 1165 652 1237 il
668 1166 871 1241 Bortolotti
890 1163 943 1266 (p.
969 1160 1044 1263 15),
1060 1188 1136 1238 non
1154 1165 1258 1262 dopo
1285 1166 1321 1238 la
1348 1166 1421 1239 fine
1449 1164 1510 1239 del
1528 1166 1656 1240 secolo
1673 1166 1748 1260 Xl;
1775 1166 1911 1262 poiche
1928 1190 2005 1238 non
2022 1167 2186 1239 avrebbe
2237 1178 2254 1242 5

322 1299 396 1396 egli
422 1298 632 1374 tralasciato
658 1300 697 1370 in
724 1321 812 1374 caso
839 1298 986 1373 diverso
1012 1298 1050 1371 di
1068 1310 1218 1374 toccare
1248 1323 1273 1371 0
1300 1299 1397 1372 della
1424 1298 1644 1372 iondazione
1673 1299 1735 1372 del
1752 1301 1907 1373 Duomo
1926 1322 1951 1370 0
1978 1298 2076 1371 della
2094 1302 2188 1374 Tra-

322 1433 486 1507 slazione
514 1431 576 1504 del
594 1431 722 1506 Santo.
776 1433 811 1505 E
838 1431 1101 1527 l’argomento,
1121 1432 1289 1509 tuttoehe
1317 1432 1584 1528 congetturale,
1613 1455 1688 1505 non
1716 1435 1737 1503 e
1763 1434 1873 1528 privo
1901 1433 1939 1504 di
1966 1432 2188 1524 seduzione3

321 1588 384 1639 ma
400 1569 517 1640 none
543 1566 619 1639 tale
646 1565 695 1640 da
712 1576 822 1663 poter
838 1590 958 1641 essere
977 1577 1164 1642 accettato
1182 1589 1292 1640 senza
1317 1567 1434 1641 molte
1460 1567 1611 1659 riserve,
1640 1590 1749 1641 come
1776 1564 1969 1640 vedremo.

429 1681 725 1774 Einteressante
752 1723 820 1797 per
846 1701 911 1775 noi
938 1723 1127 1777 osservare
1155 1701 1225 1776 che
1253 1700 1408 1774 codesto
1444 1722 1571 1773 nuovo
1607 1699 1656 1772 ed
1691 1699 1822 1774 ultimo
1858 1698 2100 1774 emendatore
2138 1700 2188 1772 ha

321 1856 512 1930 premesso
539 1833 610 1906 alla
637 1834 713 1908 vita
740 1860 788 1907 un
815 1836 988 1932 prologo,
1016 1838 1078 1933 gia
1096 1834 1199 1910 edito
1218 1833 1277 1907 dal
1296 1834 1489 1908 Cavedoni
1503 1828 1529 1926 ⁴,
1549 1832 1610 1906 nel
1628 1833 1736 1930 quale
1755 1835 1785 1906 si
1803 1833 1950 1928 rivolge
1977 1833 2013 1906 ai
2030 1835 2188 1932 states
2218 1842 2256 1906 10

323 1966 516 2041 karissimi
538 1991 560 2040 e
586 1968 634 2038 ha
660 1968 754 2043 fatto
783 1970 882 2045 circa
909 1992 980 2043 una
1016 1969 1226 2069 quindicina
1262 1967 1299 2041 di
1335 1969 1493 2043 ritocchi
1530 1968 1769 2044 concernenti
1796 1969 1976 2065 piuttosto
2003 1967 2040 2042 la
2066 1968 2189 2039 forma

325 2102 393 2174 che
421 2100 457 2172 la
483 2112 663 2176 sostanza.

427 2235 518 2327 Ora,
547 2236 568 2306 ὲ
596 2234 645 2309 da
671 2236 859 2310 ricordare
887 2239 955 2313 che
983 2239 1018 2310 la
1043 2238 1198 2313 Redeo
1213 2237 1437 2312 incomincia
1453 2236 1515 2309 nel
1533 2235 1664 2311 codice
1693 2236 1893 2331 capitolare
1917 2236 2187 2331 precisamente

323 2393 395 2441 con
422 2367 670 2465 un'apostrofe
700 2371 734 2443 ai
752 2373 905 2470 fratrae
931 2372 1135 2466 mensi,
1154 2397 1177 2445 e
1196 2371 1427 2446 confrontata
1444 2394 1517 2444 con
1534 2370 1570 2443 la
1585 2369 1785 2445 redazione
1803 2369 2071 2445 tramandatoci
2089 2368 2188 2442 dalla

324 2525 486 2578 cronaca
513 2503 574 2576 del
602 2505 759 2578 Tassoni
776 2519 917 2580 mostra
934 2508 972 2578 in
997 2509 1062 2603 piu
1088 2506 1214 2602 luoghi
1242 2505 1373 2579 alcuna
1401 2506 1594 2602 maggiore
1619 2521 1768 2601 pretesa
1784 2505 1950 2580 stilistica
1978 2527 1999 2576 e
2027 2503 2187 2601 qualche
2216 2511 2252 2577 15

322 2637 557 2711 affettazione
584 2636 623 2709 di
640 2638 772 2712 forma.
800 2644 873 2713 Per
890 2640 928 2713 di
945 2641 1009 2737 piu
1035 2640 1062 2712 il
1089 2639 1207 2712 modo
1226 2650 1342 2713 stesso
1360 2639 1421 2711 del
1439 2639 1637 2735 periodare
1656 2665 1689 2731 e,
1709 2639 1802 2711 direi
1820 2639 1936 2736 quasi,
1956 2638 1992 2712 la
2019 2638 2187 2711 maniera

321 2769 359 2842 di
379 2772 578 2866 conoepire
595 2772 794 2847 ricordano
817 2775 909 2849 assai
936 2772 1202 2849 l'emendatore
1221 2772 1319 2846 della
1336 2773 1413 2846 vita
1431 2771 1492 2846 del
1510 2773 1639 2847 Santo.
1674 2774 1775 2846 Basti
1791 2773 1911 2847 iniatn'
1929 2797 1978 2845 un
1995 2772 2183 2866 esempio:

626 2984 771 3050 Rssumo,
788 2988 919 3055 Prologo.
1589 2987 1669 3036 Vrrs
1686 2988 1721 3048 11,
1740 2988 1871 3052 Prologo.

413 3108 555 3159 ...artis
574 3107 691 3176 dignum
710 3109 849 3176 duximus,
867 3115 968 3180 etque
992 3111 1100 3164 nostris
1117 3113 1225 3176 tempo·
1371 3111 1503 3161 ....Nos
1521 3111 1607 3180 ipsos,
1629 3111 1759 3177 quamvis
1783 3110 1944 3174 Inmeritos,
1968 3110 2030 3163 eius
2055 3110 2187 3180 precibus

324 3205 402 3256 ribus
418 3205 453 3257 de
470 3207 532 3275 eius
549 3207 692 3261 beneficih
711 3209 846 3275 vidimus,
864 3213 901 3263 sd
920 3210 1094 3279 presentium
1111 3212 1140 3262 et
1151 3209 1226 3261 iutu-
1280 3208 1369 3260 sacris
1386 3209 1527 3259 credimus
1544 3204 1731 3271 adiuvandos,
1749 3207 1799 3274 qui
1824 3211 1857 3258 ut
1880 3208 1994 3260 hebetes
2016 3211 2047 3260 ct
2069 3209 2187 3275 indigni
2213 3210 2253 3274 20

323 3317 420 3353 rorum
446 3305 612 3358 memoriam
638 3321 747 3378 semper
773 3309 940 3373 veneranda,
964 3325 1018 3377 pro
1045 3311 1079 3360 ut
1105 3323 1227 3377 superna
1280 3321 1371 3374 pauca
1388 3307 1423 3358 ‹ie
1441 3307 1502 3357 vita
1519 3307 1581 3359 eius
1602 3306 1790 3375 presumimus
1814 3306 1960 3372 intimare,
1985 3321 2058 3375 quae
2082 3308 2187 3358 restris

297 3443 306 3454 .
323 3398 476 3452 dictaverit
492 3401 642 3456 dementia
659 3404 763 3458 litteris
781 3406 978 3459 intexeremus.
1280 3403 1343 3456 sine
1361 3404 1449 3455 dubio
1461 3403 1573 3456 devotis
1585 3404 1727 3455 credimus
1738 3404 1846 3456 animis
1858 3404 2006 3474 placitura.
2044 3403 2186 3465 Quamvis

1281 3502 1379 3553 omnia
1396 3516 1469 3569 quae
1487 3501 1550 3568 egit
1567 3501 1599 3552 in
1616 3500 1833 3554 conversatione
1851 3502 1896 3553 vei
1907 3502 2051 3554 miramsiis
2063 3516 2124 3554 non
2136 3516 2186 3552 va·

1280 3601 1370 3652 lemus
1396 3600 1513 3670 explere,
1531 3602 1627 3651 tamen
1655 3600 1687 3650 iu
1712 3601 1851 3667 quantum
1879 3600 1996 3651 domino
2025 3599 2187 3666 opitulante

1280 3711 1430 3764 possumus
1446 3712 1578 3750 enarrare
1597 3698 1751 3750 studemus.
2214 3669 2251 3737 25

410 3882 420 3919 ¹
439 3888 638 3954 Boarouorrs,
656 3899 699 3957 ο).
717 3893 773 3955 cii,
789 3908 838 3962 pp.
857 3903 932 3960 7·ro.
1281 3890 1409 3943 ‘remen
1444 3889 1589 3957 Quicquid
1606 3893 1702 3942 tamen
1720 3905 1738 3943 a
1758 3890 1843 3943 nobis
1859 3894 1922 3943 eius
1940 3890 2187 3957 impenditurser·

409 3966 422 4001 ²
439 3970 531 4039 Auis‘q·
549 3976 623 4038 aar,
640 3977 719 4028 tomo
737 3976 788 4040 111,
804 3979 857 4029 col.
875 3975 937 4044 674.
974 3977 1046 4028 Pare
1062 3979 1114 4030 che
1132 3980 1228 4032 nniu·
1281 3972 1296 4002 ¹
1308 3977 1395 4028 rituti
1403 3976 1441 4028 ad
1452 3975 1563 4027 laudem
1576 3975 1621 4026 sui
1634 3976 1781 4042 nostrique
1792 3974 1931 4026 referatur
1943 3977 2078 4028 auctoris.
2096 3975 2187 4027 Nam·

321 4057 412 4106 ratori
429 4053 504 4108 fosse
521 4059 612 4109 trstto
624 4060 655 4111 in
674 4063 801 4128 inganno
816 4076 847 4113 se
864 4062 901 4113 ho
919 4062 976 4113 ben
987 4060 1074 4126 visto,
1087 4061 1133 4114 dai
1151 4061 1227 4114 fatto
1282 4060 1359 4126 'que
1376 4060 1555 4111 devotionem
1575 4061 1703 4110 nostram
1722 4059 1769 4111 iiie
1786 4073 1845 4110 non
1858 4058 1972 4122 deserit,
1983 4061 2065 4111 cuius
2076 4072 2131 4109 uos
2143 4074 2187 4110 re·

320 4137 372 4190 else
387 4136 527 4191 i‘esbatto
541 4142 716 4210 mandatogii
728 4144 775 4195 dal
792 4145 890 4196 codice
908 4143 952 4195 del
970 4144 1166 4214 campagnola
1177 4122 1229 4197 coj
1281 4143 1296 4173 ⁸
1305 4144 1433 4196 verentia
1450 4144 1646 4210 congregavit.
1681 4145 1742 4195 Nos
1760 4146 1848 4212 ipsos,
1867 4143 1998 4211 quamvis
2022 4143 2186 4204 inmeritos,

278 4242 293 4296 5
321 4224 479 4275 minchva:
498 4224 633 4293 gudan
655 4228 735 4279 bosus
759 4231 889 4281 Donum
906 4236 935 4279 et
949 4231 978 4280 in
996 4237 1131 4282 maasia
1149 4233 1226 4282 sake·
1281 4226 1296 4256 ⁸
1305 4228 1366 4279 sius
1384 4229 1515 4297 precibus
1532 4229 1623 4280 sacris
1640 4229 1782 4281 credimus
1799 4228 1983 4293 adiuvandus,
1995 4230 2045 4295 qui
2056 4230 2091 4280 ut
2102 4228 2186 4280 hebe-
2212 4237 2244 4288 30

319 4309 442 4360 ricerdis
458 4311 524 4371 sius,
543 4318 622 4375 opere
633 4315 753 4376 Μία
767 4323 809 4366 est
820 4317 988 4375 minem,
1009 4317 1116 4365 mentre
1129 4314 1156 4365 ie
1169 4318 1226 4367 De·
1282 4311 1346 4362 'tes
1363 4314 1393 4363 et
1410 4311 1524 4378 indigni
1543 4327 1633 4378 pauca
1645 4312 1680 4364 de
1693 4312 1753 4362 vita
1765 4315 1825 4363 eius
1837 4316 2026 4381 presumimus
2038 4312 2185 4374 intimare,

319 4395 433 4459 scn‘pts'o
444 4395 618 4447 incomincia
637 4397 727 4462 open
737 4400 856 4462 nasim
875 4415 891 4450 e
908 4397 955 4451 cio
974 4399 1027 4450 cire
1045 4400 1162 4466 precede
1180 4413 1226 4449 so·
1281 4395 1296 4423 ⁸
1303 4410 1375 4462 quae
1393 4397 1496 4448 ratris
1512 4396 1574 4448 sine
1592 4396 1680 4448 dubio
1692 4397 1804 4449 devotis
1815 4397 1954 4449 credimus
1965 4397 2079 4448 saturus
2091 4395 2185 4462 placi·

320 4493 360 4529 no
376 4477 404 4528 ie
421 4477 519 4529 ultime
536 4480 632 4544 parole
657 4481 728 4532 delia
750 4483 813 4534 Visa
831 4483 862 4534 di
880 4498 930 4533 sas
955 4482 1120 4534 Genium
1158 4472 1227 4534 Cori
1280 4476 1378 4530 “tura
1415 4478 1554 4540 Quamvis
1573 4481 1679 4544 omnia,
1698 4495 1769 4549 quae
1787 4484 1847 4548 egit
1865 4481 2185 4533 inconversationerei

320 4564 496 4616 iiMuratori
507 4580 566 4617 non
578 4567 705 4620 s’avvide
724 4569 768 4618 dei
785 4570 910 4620 distaeco
928 4567 973 4619 irs
990 4568 1021 4620 la
1044 4571 1107 4622 Vita
1125 4583 1141 4619 e
1158 4568 1226 4636 i’ng-
1279 4562 1294 4592 ’
1303 4563 1447 4615 miraculis
1464 4578 1523 4616 non
1543 4565 1671 4616 valemus
1688 4565 1807 4635 expiere,
1826 4569 1921 4617 tamen
1939 4566 1971 4617 in
1981 4568 2118 4632 quautsrm
2130 4564 2183 4615 ‹io-

261 4672 295 4709 10
319 4650 429 4715 giunta.
1280 4648 1295 4676 ⁸
1305 4651 1385 4699 mino
1404 4650 1564 4715 opitulante
1575 4663 1720 4719 possumus
1732 4664 1866 4702 enarrare
1877 4651 2025 4702 studemus
2034 4685 2059 4714 ,.
2083 4650 2184 4700 Διιπ-
2210 4656 2240 4710 35

410 4728 530 4786 ³Come
548 4735 679 4805 appeten
697 4737 725 4787 10
744 4737 817 4800 stne,
836 4738 898 4789 dice
921 4738 941 4787 u
965 4737 1165 4800 nomm-n,
1183 4746 1226 4803 op,
1278 4734 1344 4780 cato
1363 4735 1460 4800 poscis
1476 4732 1522 4782 coi
1540 4746 1633 4784 memo
1645 4733 1676 4784 di
1688 4749 1728 4783 un
1747 4734 1837 4798 s'gr‘m
1855 4734 1875 4784 il
1894 4732 2017 4802 prologo
2034 4732 2091 4784 ulls
2104 4730 2184 4793 Vita,

320 4816 377 4878 eia,
397 4832 425 4884 p.
446 4831 477 4867 ιι
499 4818 513 4846 ’
523 4832 592 4886 pere
608 4819 661 4871 che
678 4817 757 4872 fosse
774 4837 812 4870 un
832 4834 954 4874 vescovo
965 4820 1056 4888 quello
1068 4820 1119 4871 che
1130 4822 1226 4873 timim
1277 4813 1336 4865 iece
1352 4829 1409 4882 qua
1426 4830 1443 4867 e
1459 4812 1486 4867 ii
1502 4831 1561 4869 una
1579 4816 1747 4884 quindicina
1770 4817 1846 4869 cirea
1867 4816 1897 4868 di
1915 4817 2036 4868 ritoeclri
2059 4832 2075 4867 e
2094 4816 2183 4867 influe

322 4901 337 4930 ι
346 4915 432 4952 mano
450 4901 478 4953 al
495 4900 594 4953 lavoro
603 4938 629 4967 ,.
666 4904 705 4954 Vi
722 4907 844 4973 premise
861 4920 900 4956 un
917 4905 1045 4974 prologo,
1068 4905 1122 4956 cise
1139 4907 1225 4957 torna
1278 4900 1414 4968 agglunse
1429 4901 1457 4950 la
1473 4903 1607 4969 seguente
1626 4902 1788 4969 apostroier
1808 4901 1932 4968 flgitur,
1944 4901 2049 4953 intres
2065 4901 2184 4952 karissi-

320 4984 391 5036 utile
407 4985 609 5053 ripubbiiesrer
629 4985 752 5039 '‘Nostri
772 4989 868 5052 officii,
885 4987 989 5041 iratres
1010 4989 1163 5053 karissimi,
1183 4993 1226 5040 est
1264 4982 1294 5042 ,‘
1306 4984 1354 5047 mi,
1373 4985 1490 5036 letemur
1507 4987 1536 5036 et
1554 4985 1741 5037 iocundemur
1760 4986 1790 5035 in
1811 4987 1940 5047 domiuo,
1957 4987 2006 5053 qui
2026 4986 2110 5036 nobis
2128 4987 2183 5036 im·

263 5087 293 5142 ¹5
322 5067 420 5138 'plebi
438 5068 548 5121 Christi
570 5075 752 5139 prerogativa
777 5075 862 5125 nobis
885 5074 1054 5126 commissae
1077 5074 1225 5126 ostendere
1278 5069 1398 5119 “mensa
1417 5084 1484 5120 suae
1501 5071 1619 5136 pietatis
1636 5069 1789 5121 clementis
1807 5086 1856 5139 per
1873 5070 2069 5122 beatissimum
2082 5068 2182 5122 Gemi·
2209 5077 2241 5128 40

322 5151 338 5181 ³
346 5151 467 5219 qualiter
484 5154 642 5206 beatissimi
660 5158 776 5222 patroni
795 5159 888 5210 nostri
901 5171 934 5209 sc
944 5158 1140 5224 gloriosissimi
1153 5173 1224 5226 pon·
1280 5154 1294 5182 ³
1302 5155 1419 5204 alanum
1431 5157 1512 5205 tanta
1524 5156 1568 5205 est
1578 5155 1713 5220 dignatus
1727 5155 1890 5218 impendere
1902 5153 2047 5206 beneficia.
2071 5154 2183 5208 Conce-

322 5235 432 5286 “titicis
455 5236 622 5290 Geminiani
644 5240 818 5307 glorificatus
843 5244 888 5295 est
911 5244 1012 5293 exitus.
1047 5239 1127 5301 Quia
1150 5243 1223 5309 apud
1278 5237 1352 5286 “dat
1369 5240 1403 5287 ut
1420 5240 1481 5287 eius
1493 5238 1575 5288 cuius
1593 5239 1712 5288 letamur
1723 5236 1893 5299 festivitate,
1907 5237 2076 5289 irradiemur
2088 5252 2183 5288 exem·

321 5320 400 5372 ‘nos
418 5336 486 5374 ova
504 5325 636 5393 propriis
654 5339 705 5377 sun
724 5327 926 5379 internecione
937 5327 1074 5378 haetenus
1091 5329 1225 5378 sermm
1277 5322 1292 5351 ι
1303 5322 1361 5390 plis
1378 5324 1408 5372 et
1425 5324 1504 5373 cuius
1522 5323 1677 5388 gaudemus
1702 5321 1811 5373 meritis
1836 5322 2015 5375 sublevemur
2038 5322 2181 5387 presidiis

321 5405 336 5435 ¹
346 5420 443 5458 morsu
460 5407 618 5466 Demonum
630 5410 761 5474 salvans,
774 5425 876 5480 operae
888 5411 1010 5481 predum
1022 5413 1073 5473 est,
1087 5413 1120 5461 ut
1132 5411 1164 5462 in
1176 5411 1224 5462 die
1277 5405 1291 5433 ³
1302 5406 1475 5472 Annustque
1493 5406 1577 5456 nobis
1594 5406 1726 5457 iumensa
1744 5405 1884 5457 diviuitas
1907 5408 1941 5457 ut
1966 5405 2074 5457 mundo
2094 5406 2183 5456 eorde

261 5504 296 5544 ro
322 5489 338 5519 ³
346 5491 451 5543 natalia
468 5493 528 5559 eius
544 5495 583 5544 sit
601 5497 716 5546 nomme
726 5494 834 5547 letitiae
847 5496 1036 5564 principatus.
1074 5497 1146 5546 Nem
1158 5495 1224 5546 iicet
1276 5490 1291 5518 ⁸
1300 5492 1433 5556 castoque
1448 5504 1576 5559 corpore,
1588 5489 1665 5541 etad
1678 5503 1863 5555 supernorum
1876 5489 1980 5540 civium
1993 5489 2182 5541 festivitatem
2208 5501 2238 5553 45

322 5571 337 5599 ⁴¹
348 5576 475 5627 omnium
484 5576 653 5628 Sanctorum
663 5577 1103 5629 solemnitatumclsristianorum
1113 5579 1223 5630 sitani-
1277 5572 1422 5625 “feliciter
1438 5576 1589 5642 pervenire
1609 5589 1774 5625 mereamur.
1812 5575 1962 5625 Preciante
1983 5574 2112 5625 Domino
2130 5589 2183 5625 no·

322 5657 337 5687 ¹
347 5673 409 5710 mus
421 5661 571 5728 particeps,
582 5662 665 5713 nobis
674 5665 769 5713 tamen
779 5664 894 5731 proprie
902 5677 936 5714 ac
948 5663 1119 5730 peculiarius
1129 5662 1162 5714 in
1171 5675 1222 5730 pa·
1277 5661 1291 5689 ³
1301 5660 1432 5726 stroJesu
1443 5659 1569 5723 Christo,
1588 5660 1635 5726 qui
1648 5675 1712 5710 cum
1725 5661 1811 5711 Patre
1823 5661 1852 5711 et
1864 5659 1974 5727 Spiritu
1991 5658 2096 5711 Sancto
2106 5661 2183 5711 vivit

322 5744 337 5772 ι
347 5743 400 5794 tris
411 5745 505 5796 nostri
519 5744 685 5798 Geminiani
696 5745 854 5799 festivitate
866 5747 1010 5798 letandum
1019 5749 1071 5810 est,
1081 5746 1164 5798 euius
1173 5760 1223 5815 ps·
1276 5745 1291 5775 ’
1301 5747 1331 5795 et
1342 5745 1441 5811 regnat
1453 5746 1528 5795 Deus
1539 5747 1568 5796 et
1580 5759 1654 5795 nunc
1669 5748 1698 5796 et
1705 5759 1818 5811 semper
1826 5745 1855 5793 et
1866 5745 1898 5794 in
1911 5744 2003 5796 secusia
2015 5744 2181 5795 seculorum.

322 5833 649 5902 “trociniisgloriamun
662 5835 882 5896 Quianostraei
895 5835 1026 5888 fidentius
1034 5837 1222 5903 persolvimus
1276 5835 1428 5900 'Amen,.
1465 5832 1512 5886 Cf.
1536 5834 1735 5900 Borrosorrr,
1754 5839 1795 5896 op.
1815 5834 1935 5903 cs't.,pp.
1952 5846 2107 5900 11·1s=ep.
2123 5847 2183 5900 104.

261 5928 293 5983 ις
321 5920 336 5949 ⁸
346 5924 421 5983 vote,
440 5921 490 5987 qui
507 5922 567 5974 eius
585 5936 680 5974 sacras
697 5923 832 5988 reliquias
850 5924 956 5975 nostris
975 5918 1126 5975 domiciliis
1139 5935 1220 5972 vene
1363 5919 1373 5955 ⁴
1395 5922 1478 5974 curri
1494 5921 1600 5973 Stors‘cr'
1614 5921 1674 5988 cit,
1692 5937 1720 5987 p.
1743 5935 1802 5986 141.
2210 5931 2242 5986 so
