4170 6120
1037 395 1089 461 IN
1111 394 1246 463 ACTA

405 557 1059 688 TRANSLATIONIS
1103 578 1399 690 SANCTI
1445 583 1878 692 GEMINIANI

603 808 884 878 PRAEFATIO
906 802 1139 880 LUDOVICI
1161 811 1371 881 ANTONII
1394 813 1679 883 MURATORII

459 1322 478 1358 n
497 1306 654 1357 Historiam
671 1307 841 1370 temporum,
859 1319 894 1356 ac
911 1305 1061 1371 praecipue
1078 1305 1314 1371 Ecclesiastlcam,
1333 1308 1462 1377 spectant
1474 1309 1611 1361 solemnia
1623 1309 1671 1360 iila
1690 1309 1850 1362 Christiani
1867 1311 1971 1377 Populi
1984 1312 2037 1362 Aci

169 1425 182 1478 5
476 1406 577 1471 quibus
589 1417 668 1455 sacra
679 1401 809 1470 Corpora
820 1401 987 1454 Sanctorum
998 1401 1032 1453 de
1044 1416 1101 1454 uno
1114 1403 1145 1453 in
1159 1401 1276 1454 alterum
1288 1403 1445 1472 Templum,
1460 1408 1509 1457 aut
1526 1405 1618 1458 locum
1635 1406 1886 1459 transferebantur.
1922 1408 2036 1474 Ejuamo

475 1502 693 1557 Translationes
710 1500 835 1566 Ingentis
851 1499 1021 1569 Populorum
1039 1513 1187 1563 concursu,
1206 1502 1233 1551 et
1259 1501 1486 1570 splendidisslmo
1510 1506 1648 1571 apparatu
1672 1504 1743 1555 ollm
1767 1506 1864 1573 peragi
1885 1518 2037 1557 consueret

475 1605 504 1656 et
520 1600 675 1651 etiamnum
693 1598 882 1666 peraguntur3
902 1609 988 1663 quare
1005 1597 1116 1648 illarum
1135 1595 1289 1666 deacrIptio
1306 1598 1399 1649 literis
1418 1600 1578 1669 plerumque
1597 1602 1827 1668 consignabatur,
1844 1605 1878 1654 ut
1895 1602 1939 1653 rei
1956 1617 2037 1670 magn

138 1692 142 1698 ⁹
212 1706 419 1765 licentissime,
438 1705 468 1753 et
483 1698 686 1751 festivissimae
703 1695 762 1745 dIcl
780 1694 914 1745 memoria
930 1693 967 1744 ad
985 1697 1116 1762 posteros
1134 1709 1245 1762 quoque
1264 1696 1513 1765 transmitteretur.
1549 1697 1648 1764 Itaque
1665 1699 1856 1764 gratisslmum
1874 1700 1948 1751 mihi
1960 1700 2037 1752 accid

213 1803 346 1870 reperire,
363 1814 451 1867 neque
468 1797 572 1850 inutile
588 1793 754 1846 Lectorlbus
772 1791 862 1844 fuerit
878 1793 1003 1859 accipere
1022 1791 1093 1844 Acta
1117 1791 1315 1844 Translatr'om‘s
1333 1793 1427 1857 unius,
1446 1793 1603 1860 etquidem
1626 1796 1830 1860 celeberrimae,
1849 1812 1919 1864 quae
1936 1799 2036 1851 Mutlm

150 1913 185 1950 10
215 1901 328 1968 peracta
345 1900 387 1949 est
404 1898 470 1948 aute
488 1895 591 1945 Annos
608 1892 754 1943 sexcentos
772 1891 802 1940 et
819 1888 902 1940 ultra.
939 1888 1036 1953 Anno,
1055 1891 1181 1955 inquam,
1204 1888 1271 1942 1106
1289 1892 1461 1942 Mutinensis
1481 1892 1615 1961 Populus,
1638 1907 1788 1960 eorumque
1805 1894 1963 1963 Episcopus
1981 1897 2036 1946 Do<

213 1993 439 2047 transimendum
457 1992 617 2044 statuerunt
636 1987 748 2055 Corpus
766 1986 865 2039 Sancti
884 1985 1048 2038 Geminiani
1066 2001 1133 2038 suae
1151 1988 1219 2038 olim
1238 1987 1375 2040 Clvitatis
1393 1989 1526 2059 Episcopi
1545 1993 1575 2041 et
1590 1991 1720 2054 Patroni,
1744 2005 1825 2058 quem
1852 1992 2002 2061 praecipua
2019 2010 2036 2045 v

214 2093 362 2144 naratione
378 2090 513 2142 colebant
530 2090 560 2140 et
575 2086 682 2138 colunt.
718 2084 856 2135 inchoata
872 2084 928 2150 jam
945 2082 1042 2134 fuerat
1058 2085 1089 2135 in
1108 2084 1182 2137 hunc
1200 2085 1284 2135 finem
1302 2085 1391 2137 Anno
1410 2100 1479 2153 1099
1498 2087 1619 2139 Basilica
1636 2102 1721 2152 nora,
1739 2090 1793 2140 hoc
1811 2092 1855 2141 est
1871 2089 1979 2154 eadem,
1996 2105 2036 2155 qui

213 2193 306 2244 adhuc
324 2191 503 2259 spectandam
521 2203 550 2242 se
568 2187 683 2258 praebet
700 2186 736 2237 ad
753 2186 915 2237 Mutinense
932 2181 1035 2248 forum,
1053 2185 1165 2252 ingenti
1183 2200 1355 2239 marmorum
1372 2190 1506 2255 congerie
1524 2191 1640 2240 stmcta.
1676 2189 1774 2255 Itaque
1791 2204 1827 2240 ex
1852 2191 1972 2257 antiqua
1990 2193 2036 2242 Bas

213 2290 277 2352 lica,
296 2289 401 2340 dudum
417 2287 544 2338 minante
562 2285 683 2345 ruinam,
701 2281 841 2333 translata
859 2282 975 2331 suntin
993 2293 1099 2333 novam
1118 2295 1198 2332 sacra
1216 2283 1299 2334 Beati
1315 2283 1380 2335 Viri
1398 2284 1531 2353 Llpsana,
1552 2284 1711 2336 incredibili
1723 2285 1893 2354 populorum
1909 2286 2036 2340 confluen

147 2397 179 2451 ις
211 2387 304 2450 turba,
321 2386 451 2436 finitimis
468 2383 617 2452 Episcopis
634 2379 700 2431 iiiuc
718 2380 828 2443 accitis,
848 2379 965 2448 Ipsaque
983 2377 1130 2430 comitissa
1147 2379 1295 2443 Mathiide,
1313 2380 1417 2433 celebri
1442 2394 1537 2434 eorum
1562 2384 1720 2451 temporum
1744 2384 1878 2447 Heroina,
1903 2387 2036 2452 praesent

212 2496 264 2534 sua
281 2483 324 2551 pli
341 2481 493 2550 spectaculi
511 2476 752 2546 magnificentiam
770 2476 899 2542 augente.
934 2475 968 2525 id
986 2478 1078 2526 actum
1101 2472 1196 2542 pridie
1220 2475 1359 2529 Kalendas
1383 2479 1473 2545 Majas
1492 2480 1588 2541 Anno,
1607 2481 1640 2531 ut
1658 2480 1771 2547 ajebam,
1795 2479 1871 2544 1106,
1890 2496 1971 2548 quem
1988 2482 2035 2534 dle

213 2580 391 2632 Mutinenses
407 2578 507 2630 fertum
524 2576 685 2638 voluerunt,
703 2577 731 2625 et
749 2574 838 2625 adhuc
855 2574 1012 2640 quotannis
1031 2572 1166 2640 religiosa
1179 2575 1330 2627 devotione
1340 2576 1492 2639 celebrant,
1505 2579 1700 2644 praetermisso
1714 2581 1825 2630 tantum
1837 2594 1970 2646 equorum
1983 2595 2035 2633 cur.

213 2691 246 2728 ac
261 2677 363 2728 bravio
379 2674 530 2745 postremis
548 2675 626 2725 hisce
643 2671 735 2724 annls.
770 2672 907 2722 Restabat
922 2670 1142 2722 consecrandum
1160 2671 1269 2734 Altare,
1287 2672 1337 2722 sub
1350 2687 1407 2739 quo
1420 2672 1624 2725 recondendum
1638 2678 1699 2726 erat
1711 2689 1821 2727 sacrum
1834 2677 1953 2744 pignus3
1967 2691 2036 2729 exor

211 2790 321 2842 quoque
338 2758 383 2826 est'
396 2774 469 2825 acris
485 2772 688 2834 controversia,
706 2770 886 2839 cupientibus
904 2768 1053 2837 Episcopis
1070 2769 1175 2820 Arcam
1193 2769 1305 2838 aperlri,
1326 2769 1445 2823 Civibus
1469 2785 1538 2823 vero
1555 2775 1654 2823 contra
1679 2774 1889 2826 obsistentibus.
1926 2773 2033 2828 Consul

145 2885 182 2922 ιο
214 2871 360 2924 Mathiidis
384 2869 539 2939 respondit,
564 2867 750 2920 adventurum
773 2864 914 2918 Mutinam
938 2865 1035 2917 eodem
1053 2865 1141 2918 Anno
1159 2867 1375 2934 Paschalemli.
1411 2868 1553 2920 Summum
1569 2867 1745 2935 Pontificem,
1763 2871 1876 2937 ejusque
1894 2873 2035 2924 sententia

212 2968 435 3034 exspectandam.
470 2967 623 3018 Promissis
640 2962 790 3034 respondit
807 2963 935 3025 effectum
954 2976 1021 3027 narn
1033 2977 1122 3030 quum
1139 2962 1251 3016 octobri
1271 2978 1365 3016 mense
1387 2965 1533 3017 Paschalls
1551 2966 1689 3017 Mutinam
1708 2969 1892 3034 pervenisset,
1912 2969 1980 3020 VIII
1997 2969 2035 3020 idi

212 3066 271 3132 ejus
287 3062 483 3117 Menelaidem
500 3060 635 3114 Pontifex
654 3060 853 3112 solennlssima
870 3073 981 3127 pompa,
1000 3060 1119 3112 immani
1135 3062 1243 3130 populo
1268 3063 1420 3131 spectante,
1444 3061 1545 3113 Altare
1564 3061 1715 3126 dedicavIt,
1733 3067 1761 3115 et
1779 3064 1876 3116 Sancti
1895 3065 2035 3118 Gemhial

214 3163 326 3232 Corpus
343 3163 474 3214 omnibus
490 3160 725 3230 conspiciendum
744 3158 883 3213 exhibuit.

301 3261 345 3314 En
362 3275 428 3327 ergo
446 3259 593 3326 utriusque
604 3256 865 3326 splendidldisslml,
878 3255 1019 3322 simulque
1030 3257 1154 3327 piissimi
1168 3257 1323 3326 spectaculi
1334 3258 1536 3323 narrationem,
1548 3271 1632 3323 quam
1644 3275 1678 3312 ex
1692 3260 1802 3314 duobus
1814 3261 1891 3313 MSti
1905 3262 2035 3315 Codlclbr

145 3372 180 3426 ²5
212 3359 337 3410 mensis
352 3358 544 3410 Bibliothecae
561 3355 695 3422 decerpsi.
731 3353 824 3422 Ipsam
841 3366 953 3421 quoque
970 3355 1168 3423 complectimur
1185 3356 1217 3406 ln
1237 3355 1405 3408 membranis
1424 3355 1591 3426 descriptam
1610 3357 1768 3409 Archivum
1787 3359 1916 3428 Capituli
1935 3361 2035 3414 Canon

212 3470 311 3508 corum
328 3455 542 3508 Mutinenslum.
578 3452 665 3514 Quod
682 3466 749 3503 vero
767 3452 885 3522 plurimi
901 3452 1073 3516 faciendum,
1092 3452 1252 3504 HistorIola
1269 3453 1337 3504 haec
1354 3454 1508 3506 Auctorem
1527 3453 1618 3518 habet,
1642 3456 1825 3524 Anonymum
1850 3471 1927 3521 sane,
1947 3458 1995 3510 sed
2013 3473 2035 3525 q*

213 3542 296 3605 rehus
312 3551 459 3617 interfuit,
476 3555 505 3604 et
521 3552 618 3603 eodem
637 3552 762 3619 ternpore
778 3550 902 3619 scripsit.
939 3549 1076 3603 Gratulor
1094 3553 1187 3604 autem
1198 3551 1314 3603 Patriae
1325 3565 1410 3615 meae,
1423 3554 1499 3617 quod
1511 3554 1676 3622 tempestate
1687 3553 1741 3606 iiia
1752 3554 1924 3624 Scriptorem
1937 3558 2035 3609 habere

212 3664 271 3702 non
289 3651 439 3702 barbarum
455 3664 489 3700 ac
507 3648 634 3710 ferreum,
653 3646 749 3713 quales
766 3647 893 3714 plerique
910 3650 979 3699 tunc
995 3651 1085 3710 erant,
1103 3647 1152 3699 sed
1169 3649 1240 3699 satis
1257 3648 1419 3714 elegantem,
1438 3651 1468 3700 et
1483 3651 1579 3700 comta
1597 3664 1629 3702 ac
1646 3650 1760 3702 liberali
1778 3652 1910 3704 oratIone
1927 3655 2035 3706 utentes

212 3749 256 3798 lta
273 3748 305 3798 ut
321 3747 507 3800 delectatione
522 3745 661 3812 legentem
678 3743 761 3796 facile
779 3745 891 3798 afficiat.
927 3744 1144 3797 Animadvertas
1155 3747 1250 3797 autem
1262 3746 1358 3808 veiim,
1370 3745 1406 3796 ab
1418 3760 1452 3800 eo
1470 3745 1567 3810 scribi,
1582 3747 1674 3798 Sedem
1687 3749 1869 3813 Apostolacam
1882 3751 1929 3802 hoc
1939 3754 1970 3802 ἐκ
1983 3752 2035 3801 Am

142 3857 180 3910 30
211 3846 466 3897 arremarensem
485 3844 605 3896 Italiam
642 3843 739 3894 Prima
762 3841 859 3894 fronte
882 3843 950 3895 haec
976 3843 1111 3895 videntur
1134 3843 1253 3894 Innuere
1276 3841 1439 3895 Pontificem
1457 3844 1619 3896 Romanum
1637 3859 1671 3895 ex
1691 3845 1783 3897 Gallis
1801 3862 1984 3911 reversurum,
2004 3863 2035 3913 qu

212 3957 307 3995 revera
324 3944 411 3994 Anno
432 3939 502 3992 1106
520 3953 685 4007 progressus
703 3941 745 3991 est
760 3939 887 3992 Pascalls
904 3939 940 3990 H.
976 3942 1080 3992 Verum
1099 3941 1212 3993 Italiam
1231 3954 1290 3991 non
1309 3940 1367 3992 allo
1386 3953 1470 3993 sensu
1488 3941 1598 3992 Auctor
1615 3942 1676 3993 heic
1704 3945 1878 4009 memoravit,
1898 3960 1980 4010 quam
2004 3960 2035 4013 qr

211 4043 277 4108 post
294 4041 462 4107 Augustum,
480 4041 510 4090 et
527 4038 748 4093 Constantinum
767 4039 904 4105 Magnum
923 4037 1083 4103 Scriptores
1101 4041 1310 4090 consueverunt
1326 4037 1467 4090 strictiori
1486 4037 1696 4105 significatione
1714 4056 1774 4093 eam
1793 4043 1936 4111 appellare
1959 4044 2035 4096 Italis

210 4138 332 4203 partem,
349 4151 421 4203 quae
439 4150 515 4187 nunc
532 4133 591 4186 fere
609 4133 859 4200 comprehenditur
876 4133 1066 4204 appellatione
1083 4134 1307 4201 Langobardr'ae,
1325 4135 1374 4185 sed
1392 4137 1459 4186 tunc
1472 4133 1559 4187 latius
1570 4137 1745 4200 excurrebat,
1756 4140 1785 4189 et
1796 4140 1872 4191 certe
1890 4140 1925 4190 ab
1944 4141 2036 4193 Urbes

210 4234 420 4287 Suburblcariis
437 4233 614 4298 Regionlbus
633 4230 867 4300 distInguebatur.
903 4233 1015 4285 Dorilao
1033 4233 1066 4284 in
1085 4234 1153 4284 Vita
1172 4232 1317 4285 Mathiidls
1333 4230 1383 4283 lib.
1395 4231 1431 4293 H,
1449 4246 1511 4299 cap.
1531 4232 1620 4296 XVII,
1638 4232 1774 4286 describit
1797 4236 1949 4288 Adventum
1966 4240 2036 4305 Papi

143 4343 177 4397 35
210 4332 349 4384 Parabalei
366 4331 394 4381 r'n
412 4329 641 4396 Langobardiam.
675 4330 734 4380 Pro
753 4329 948 4395 ngobardia
966 4328 1096 4398 Scriptor
1114 4331 1199 4398 hujus
1218 4328 1429 4382 Translationis
1447 4342 1516 4380 usus
1534 4331 1575 4379 est
1588 4331 1726 4383 vocabulo
1740 4335 1848 4384 Italiae.
1885 4336 1952 4387 Pali
1963 4339 2036 4388 auter

210 4430 340 4480 Mutinae
357 4426 432 4479 Idem
449 4425 587 4477 Pontifex
606 4426 673 4477 VIII
690 4426 758 4477 Idus
776 4426 905 4478 octobris
922 4427 1009 4479 Anno
1031 4424 1108 4490 1106,
1126 4429 1187 4479 tum
1206 4425 1441 4487 Guardastailum,
1461 4424 1522 4475 slve
1541 4424 1719 4479 GuastaIIam
1732 4432 1866 4497 perrexit,
1878 4434 1927 4484 ubl
1940 4435 1979 4486 xi
1998 4436 2036 4488 Ka

210 4524 374 4578 novembris
392 4524 536 4593 Synodum
555 4538 689 4592 perquam
707 4523 844 4576 celebrem
862 4523 971 4577 habult.
1008 4498 1156 4586 ladeJhoc
1174 4527 1251 4578 este
1269 4525 1433 4578 Guastalla:

703 4691 769 4740 Pius
786 4690 866 4754 Papa
884 4690 1017 4740 descedens
1035 4691 1074 4741 ad
1088 4699 1257 4743 mercoralem

703 4787 826 4839 Advenit
843 4788 981 4850 Parmam,
994 4789 1104 4857 faciens
1121 4789 1162 4840 ihr·
1175 4806 1344 4856 quaecumque
1362 4801 1517 4858 rogarant:

705 4884 778 4936 Nam
795 4885 921 4937 sacravit
937 4885 977 4936 ibi
998 4887 1132 4951 Templum
1153 4887 1258 4939 Christi
1277 4888 1430 4940 Gerr'trr‘cr's.
