4524 6968
319 396 342 466 4
752 393 988 470 RELATIO
1015 391 1449 467 TRANSLATIONIS
1477 391 1734 466 CORPORIS

324 551 412 559 ..η-,ιι-
420 551 489 558 --ι--ι
693 552 696 557 .
716 552 743 558 ,,.
1267 547 1499 557 -.--—-——-·--

319 663 452 727 venatis
483 661 631 729 ecclesie
655 663 919 748 archiepiscopo
941 662 1130 729 honorifice
1161 683 1216 727 re·
1268 660 1438 749 gloriosus
1453 659 1616 748 migravit
1629 661 1676 726 ad
1690 660 1887 741 Dominum,
1900 663 2054 730 ecclesia
2068 664 2174 750 siqui·

320 769 498 836 conditum
509 781 571 847 est,
583 770 688 858 longo
701 789 866 835 annorum
878 771 945 836 situ
958 780 995 835 et
1005 770 1112 837 multa
1124 779 1215 836 etate
1270 768 1360 846 dem,
1383 769 1420 832 in
1443 789 1512 855 qua
1526 767 1762 836 venerandum
1777 790 1905 856 corpus
1920 770 1995 859 ejus
2011 793 2033 837 a
2048 770 2173 838 beatis

319 877 482 944 coniecta
500 877 631 944 crebris
646 878 786 944 scisuris
801 876 985 964 multisque
1000 877 1077 944 imis
1101 879 1217 944 aiun-
1269 876 1355 941 simo
1372 874 1501 941 Severo
1525 875 1710 943 undecimo
1733 887 1852 943 sancte
1876 876 2094 944 Ravennatis
2117 898 2173 944 ec·

319 983 489 1053 dumentis
506 985 690 1054 videbatur
704 984 862 1052 minitare
877 986 1021 1051 ruinam.
1270 979 1397 1046 clesiae
1428 979 1693 1066 archiepiscopo
1722 981 1911 1051 honorifice
1940 995 1976 1050 et
2007 983 2173 1049 decenter

1270 1085 1489 1152 reconditum
1505 1096 1567 1164 est,
1584 1085 1668 1152 licet
1683 1087 1890 1173 quibusdam
1912 1089 2095 1157 videretur
2116 1110 2174 1154 au·
2213 1100 2227 1164 5

1271 1204 1328 1259 cta
1351 1204 1388 1258 et
1409 1194 1575 1260 innovata
1599 1196 1795 1273 crementis,
1818 1207 1946 1274 tamen,
1975 1197 2086 1284 longo
2116 1217 2174 1260 an-

1270 1320 1393 1365 norum
1415 1300 1482 1365 situ
1513 1310 1550 1365 et
1572 1297 1758 1366 multorum
1781 1311 1873 1368 etate
1897 1303 2064 1370 coniecta
2086 1303 2174 1368 viro-

1269 1429 1357 1487 rum,
1381 1406 1513 1473 crebris
1543 1407 1701 1474 scissuris
1724 1408 1907 1496 multisque
1931 1410 2028 1476 rimis
2051 1431 2076 1474 a
2098 1411 2175 1474 iun·

1271 1514 1442 1581 dumentis
1473 1515 1730 1599 quodammodo
1753 1516 1947 1594 videbatur,
1971 1537 2043 1583 non
2067 1517 2176 1583 solum

1270 1619 1507 1686 insistentibus
1518 1640 1638 1686 verum
1648 1622 2176 1689 etiamintrantibusseuexeun·
2202 1631 2232 1694 10

1051 1725 1132 1804 Quo
1148 1737 1218 1792 ter·
1270 1728 1373 1805 tibus,
1404 1729 1535 1794 inferre
1565 1730 1711 1795 minam.
1757 1730 1839 1809 Quo
1862 1743 1996 1797 terrore
2026 1734 2177 1817 permoti

319 1854 397 1900 rore
428 1833 591 1919 permotti
620 1830 706 1899 ordo
738 1831 944 1898 clericorum
975 1844 1011 1898 et
1040 1834 1219 1900 universus
1271 1856 1341 1902 non
1364 1847 1498 1901 tantum
1521 1837 1607 1902 ordo
1631 1837 1849 1916 clericorum,
1865 1839 1980 1904 sedet
1995 1839 2177 1904 universus

319 1940 468 2028 populus
483 1941 667 2008 consulunt
684 1939 767 2026 quid
783 1939 965 2029 agendum.
1272 1962 1410 2029 quoque
1426 1943 1582 2008 eiusdem
1605 1941 1753 2009 ecclesie
1776 1944 1926 2031 populus
1948 1946 2043 2011 inter
2066 1966 2105 2011 se
2128 1947 2177 2010 vi·

1273 2048 1388 2115 cissim
1412 2049 1572 2114 conferre
1596 2062 1775 2135 ceperunt,
1800 2052 1885 2139 quid
1911 2051 2176 2130 consulendum,

972 2155 1132 2224 Tandem
1143 2158 1219 2223 uni-
1273 2156 1401 2243 quidve
1432 2156 1477 2221 sit
1506 2155 1588 2221 inde
1621 2157 1803 2242 agendum.
1850 2157 2023 2237 Tandem,
2060 2159 2177 2225 divina
2202 2158 2232 2223 15

320 2284 497 2330 versorum
509 2282 577 2328 una
590 2284 658 2329 vox
669 2285 756 2329 unus
769 2262 900 2329 clamor
911 2274 984 2330 tota
999 2263 1085 2329 urbe
1101 2284 1220 2350 perso·
1274 2262 1478 2350 disponente
1494 2261 1714 2348 providentia
1729 2265 1826 2330 unito
1841 2265 1987 2331 consilio
2009 2285 2085 2333 non
2106 2286 2178 2332 mo·

321 2370 413 2435 nuit:
428 2371 499 2458 jam
514 2369 734 2436 rehedificari
749 2370 820 2457 jam
843 2371 1014 2448 renovari,
1028 2369 1097 2457 jam
1114 2369 1220 2436 subli-
1274 2369 1320 2436 do
1352 2369 1559 2434 clericorum
1590 2370 1689 2457 (quia
1722 2381 1806 2436 tunc
1841 2374 2008 2459 temporis
2040 2374 2178 2460 prefata

321 2478 406 2541 mari
422 2475 550 2544 debere
573 2477 662 2543 tanti
676 2476 823 2563 talisque
839 2478 947 2562 patris
970 2478 1079 2544 nostri
1096 2476 1221 2546 Eccle·
1274 2479 1416 2566 quidem
1439 2478 1592 2574 ecclesia
1613 2478 1686 2542 sine
1703 2477 1867 2563 pastorali
1884 2501 1967 2545 cura
1984 2481 2178 2568 agebatur),

320 2584 416 2649 siam.
1274 2586 1337 2651 sed
1359 2596 1396 2651 et
1423 2585 1563 2660 civium,
1590 2584 1896 2672 universarumque
1919 2586 2079 2673 plebium
2101 2608 2180 2674 pre-

1274 2694 1434 2768 latorum,
1458 2711 1518 2755 seu
1541 2691 1646 2757 etiam
1671 2704 1875 2758 cunctorum
1890 2693 2050 2760 eiusdem
2066 2696 2180 2762 eccle·
2202 2691 2236 2754 20

1275 2799 1324 2864 sie
1349 2797 1506 2874 militum,
1529 2819 1598 2862 una
1613 2818 1681 2865 vox
1696 2799 1888 2886 eademque
1903 2800 2078 2880 voluntas,
2093 2823 2180 2867 unus

1276 2905 1407 2972 clamor
1428 2902 1591 2991 idemque
1607 2925 1715 2982 amor,
1737 2907 1842 2972 totius
1861 2906 1963 2974 turbe
1979 2910 2178 2994 personuit:

1274 3014 1345 3078 iam
1367 3012 1538 3088 renovari,
1561 3013 1631 3076 iam
1654 3012 1884 3091 rehedificari‚
1906 3014 1977 3081 iam
2000 3014 2180 3081 sublimari

1274 3118 1403 3188 debere
1426 3118 1515 3183 tanti
1536 3117 1684 3205 talisque
1708 3119 1816 3204 patris
1842 3122 1953 3186 nostri
1979 3121 2177 3188 ecclesiam

439 3221 547 3301 Quod
577 3223 717 3310 quidem
748 3223 939 3304 consilium,
965 3235 1148 3312 postquam
1178 3225 1223 3289 ad
1276 3227 1384 3306 Quod
1395 3223 1537 3311 quidem
1548 3224 1730 3290 consilium
1741 3225 1801 3291 ubi
1813 3225 1859 3291 ad
1871 3247 1972 3292 aurea
1983 3227 2180 3306 Matuildis,
2203 3233 2234 3298 25

322 3349 421 3394 aures
436 3327 592 3396 Matildis
608 3332 747 3419 egregie
764 3331 936 3398 comitisse
952 3332 1122 3418 pervenit,
1146 3331 1222 3417 quis
1275 3334 1341 3399 Dei
1372 3332 1485 3419 gratia
1514 3332 1654 3420 egregie
1683 3332 1866 3411 comitisse,
1898 3334 2073 3419 pervenit,
2103 3337 2181 3422 quis

321 3433 389 3498 iari
410 3434 520 3519 possit
541 3445 669 3520 quanto
698 3434 902 3500 exhillarata
923 3434 1051 3521 gaudio
1079 3445 1223 3519 quanta-
1276 3440 1344 3505 fari
1362 3438 1471 3525 possit
1492 3447 1622 3524 quanto
1646 3437 1809 3525 qualique
1833 3440 1963 3525 gaudio
1985 3439 2179 3521 exillaram,

323 3558 390 3626 que
413 3539 451 3604 in
473 3538 576 3606 laude
599 3540 644 3607 sit
666 3539 816 3606 firmarat
1275 3557 1405 3634 quanta
1427 3546 1463 3609 in
1486 3542 1589 3609 laude
1612 3543 1757 3622 firmata,
1780 3546 1918 3631 quantis
1945 3547 2180 3615 amminiculis

1275 3654 1321 3719 sit
1342 3650 1523 3717 obstinata.
1570 3648 1664 3726 Tibi,
1680 3649 1830 3729 Christe,
1846 3652 2000 3718 omnium
2019 3654 2181 3721 cordium

1274 3758 1416 3825 intimus
1431 3765 1676 3842 perscrutator,
1693 3757 1846 3822 omnium
1862 3756 2035 3825 bonorum
2049 3760 2182 3847 primus
2204 3769 2237 3836 ³]

1274 3867 1445 3941 inventor,
1461 3862 1614 3927 omnium
1630 3862 1836 3948 gaudiorum
1855 3884 2008 3932 summus
2024 3865 2182 3954 largitor,

1273 3971 1337 4038 tibi
1361 3990 1465 4057 quam
1487 3968 1654 4056 profundi
1680 3969 1797 4035 cordis
1822 3971 1971 4038 maiores
1995 3991 2183 4059 pomus

1274 4087 1400 4167 grates,
1417 4075 1605 4161 laudesque
1621 4076 1834 4155 reierrimus‚
1858 4078 1919 4164 qui
1934 4080 2036 4157 tanti,
2048 4091 2091 4146 ut
2105 4101 2183 4148 cre-

1275 4183 1387 4250 dimus
1411 4192 1448 4247 et
1469 4202 1551 4247 vere
1576 4180 1791 4262 confidimus,
1815 4203 1898 4270 sepe
1920 4186 2055 4270 prefati
2071 4189 2182 4274 patris

1274 4289 1383 4356 nostri
1397 4286 1561 4374 precibus
1575 4297 1736 4353 exoratus
1747 4289 1850 4355 huius
1861 4290 1978 4376 operis
1989 4294 2182 4380 precipuus
2203 4302 2235 4368 35

1275 4407 1366 4462 estas
1389 4404 1510 4461 auctor
1524 4405 1562 4459 et
1582 4395 1751 4461 inventor.
1795 4395 1877 4462 Non
1891 4397 1984 4463 enim
1999 4398 2076 4466 ulla
2092 4422 2181 4468 mor·

1274 4501 1395 4568 talium
1425 4501 1582 4579 scientia,
1613 4501 1708 4566 nulla
1738 4500 1831 4568 illius
1862 4504 1958 4590 quod
1988 4525 2011 4570 a
2041 4517 2077 4572 te
2110 4507 2181 4574 solo

1276 4610 1409 4675 iactum
1431 4617 1485 4673 est
1506 4617 1622 4692 posset
1652 4608 1836 4693 providere
1868 4611 2005 4677 astutia.
2051 4611 2181 4680 Totum

1276 4735 1360 4802 ergo
1377 4714 1472 4801 quod
1488 4723 1603 4779 actum
1615 4725 1678 4791 est,
1690 4725 1800 4781 totum
1812 4716 1907 4801 quod
1918 4728 1974 4782 est
1984 4730 2181 4798 venturum,

1275 4832 1334 4887 tue
1357 4818 1565 4885 ammirabili
1581 4821 1752 4909 majestati
1766 4821 1978 4901 referrrmu,
1993 4834 2057 4891 tue
2071 4828 2182 4917 gratie
2203 4836 2233 4900 4⁰

1276 4929 1495 5013 imputamus.

412 5043 515 5103 Anno
538 5038 657 5123 itaque
676 5035 761 5101 1099
779 5035 821 5102 ab
838 5036 961 5103 incolis
975 5036 1111 5122 pretate
1128 5034 1223 5101 urbis
1366 5032 1463 5111 Quid
1480 5031 1602 5119 plura?
1619 5033 1723 5099 Anno
1737 5035 1856 5123 itaque
1872 5035 2052 5106 dominice
2067 5041 2182 5108 incar·

324 5144 495 5231 quesitum
518 5153 571 5209 est
593 5142 653 5208 ubi
675 5143 763 5208 tanti
785 5143 901 5229 operis
923 5142 1132 5229 designator,
1164 5141 1223 5207 ubi
1277 5140 1425 5207 nationis
1449 5140 1629 5207 millesimo
1648 5142 1872 5230 nonagesimo
1888 5163 1980 5210 nono
1996 5145 2043 5212 ab
2058 5147 2182 5215 incolis

323 5252 402 5317 talis
424 5262 596 5317 structure
621 5249 846 5317 aedhificator
867 5250 1023 5317 invenire
1046 5250 1164 5337 possit,
1188 5262 1224 5314 et
1277 5248 1415 5334 prefate
1438 5247 1531 5314 urbis
1554 5249 1725 5335 quesitum
1741 5262 1794 5314 est
1809 5249 1869 5315 ubi
1883 5253 1972 5318 tanti
1987 5256 2110 5341 operis
2125 5257 2181 5322 de·

323 5356 464 5424 tandem
478 5357 545 5422 Dei
560 5357 672 5444 gratia
687 5357 846 5422 inventus
869 5368 922 5422 est
936 5358 989 5422 vir
1004 5357 1144 5444 quidam
1160 5376 1222 5422 no·
1278 5356 1441 5441 signator,
1465 5353 1525 5420 ubi
1547 5354 1626 5419 talis
1648 5367 1819 5422 structure
1837 5357 2022 5425 edificator
2035 5360 2181 5429 inveniri
2201 5364 2229 5432 ll

324 5463 416 5529 mine
430 5461 691 5529 Laniranchus¹
716 5461 882 5528 mirabilis
899 5462 1112 5540 aedificator,
1277 5463 1395 5548 possit
1441 5462 1602 5528 Donante
1626 5462 1755 5549 quippe
1778 5463 1845 5529 Dei
1867 5463 2113 5535 misericordia
2134 5471 2182 5536 in·

1276 5579 1399 5634 ventus
1421 5579 1475 5633 est
1488 5568 1542 5633 vir
1557 5567 1709 5655 quidam,
1726 5569 1865 5636 nomine
1879 5569 2109 5643 Lanfruncus
2124 5579 2183 5644 mi·

1791 5690 1807 5729 Ι

415 5884 493 5938 ι5ιι1
511 5889 573 5952 rigo
592 5886 607 5939 δ
626 5889 737 5947 scritto,
755 5886 856 5937 d'altra
874 5901 973 5938 mano:
995 5887 1027 5936 dc
1047 5888 1131 5938 Facio
1154 5890 1227 5940 alsius
1280 5904 1351 5940 naca
1369 5889 1447 5939 detta
1465 5887 1495 5938 di
1513 5902 1564 5940 san
1583 5889 1710 5941 Cesario.
1747 5889 1794 5942 Cf.
1813 5904 1841 5957 p.
1859 5903 1947 5954 xvm,
1967 5895 2041 5945 notu
2063 5909 2089 5947 1.

324 5970 412 6025 diuus
428 5973 639 6039 Romgarclus.
676 5971 784 6035 Questa
809 5974 918 6025 notizia
937 5973 1038 6024 derlra
1058 5973 1130 6024 dalla
1157 5974 1226 6026 Cro·
