4524 6968
294 351 334 423 x
947 443 951 452 ¹
1020 348 1430 426 uvvaoouzroua

293 640 342 691 va
359 618 562 713 congiunto
580 641 630 689 un
647 616 782 690 nucleo
801 614 922 690 d'altri
948 616 1064 690 scritti
1082 618 1167 691 tutti
1187 614 1225 688 di
1253 639 1366 690 mano
1384 615 1445 688 del
1463 617 1591 689 notaio
1609 617 1771 691 Niccolb
1788 617 1977 709 anetta,
1996 615 2032 687 al
2052 615 2164 711 qmle

294 753 324 825 si
352 750 448 824 deve
475 753 552 824 cosl
589 750 624 823 la
650 751 821 847 maggior
847 761 953 846 parte
972 749 1035 822 del
1053 760 1180 824 nostro
1208 749 1341 823 codice
1369 749 1569 845 capitolare
1597 749 1646 822 0.
1664 749 1710 822 II.
1735 752 1793 842 11,
1812 749 1949 846 poiche
1966 773 2039 822 una
2066 750 2164 822 serie

295 884 333 958 di
360 885 474 958 nuovi
501 884 728 977 documenti,
759 886 818 957 coi
846 883 944 979 quali
971 885 1001 956 si
1029 882 1163 956 chiude
1192 884 1216 955 il
1244 907 1326 977 ms,
1353 896 1474 979 spetta
1507 882 1810 956 indubbiamente
1838 881 1887 955 ad
1915 882 2006 956 altra
2032 905 2162 956 mano.

400 1017 565 1094 Niccolb
592 1019 769 1093 Brunetta
795 1020 826 1090 si
853 1018 1074 1092 sottoscrive
1102 1018 1179 1091 cosl
1207 1040 1230 1088 a
1258 1042 1292 1091 c.
1320 1017 1436 1110 mcviii
1453 1041 1492 1090 r:
1525 1017 1643 1090 “Ozo
1679 1016 1883 1092 Nicholaus
1915 1015 1962 1088 de
1996 1019 2163 1089 Bruneta

298 1152 512 1250 “imperiali
541 1152 762 1226 auctoritate
790 1153 954 1228 notarius
982 1153 1108 1224 omnia
1133 1152 1229 1225 haec
1256 1153 1502 1250 suprascripta
1529 1175 1600 1248 que
1630 1152 1862 1225 continentur
1896 1151 1934 1222 in
1960 1153 2033 1224 hoc
2070 1172 2163 1247 qua·
2209 1157 2226 1224 5

300 1290 444 1363 “terno
471 1288 615 1362 extraxi
643 1297 681 1359 et
708 1287 923 1383 exemplavi
952 1286 999 1359 de
1028 1287 1190 1382 quodam
1216 1286 1313 1359 libro
1338 1287 1478 1382 scripto
1506 1308 1616 1358 manu
1643 1285 1875 1381 suprascripti
1900 1284 2161 1358 Bartholomei

298 1423 478 1497 “notarii
534 1424 584 1495 Et
611 1445 680 1494 suo
706 1423 815 1516 signo
844 1432 882 1494 et
908 1422 1059 1495 nomine
1087 1433 1124 1495 et
1153 1421 1310 1494 aliorum
1339 1422 1571 1494 notariorum
1598 1422 1659 1516 qui
1678 1444 1743 1494 sua
1763 1421 1868 1516 signa
1895 1431 1933 1493 et
1951 1420 2103 1492 nomina
2121 1422 2162 1491 in

299 1558 315 1594 “
332 1559 414 1653 ipso
441 1557 536 1629 libro
563 1556 699 1651 scripta
726 1557 852 1627 inveni
879 1557 974 1629 sicut
1000 1556 1039 1626 in
1065 1557 1147 1650 ipso
1166 1555 1261 1628 libro
1280 1554 1359 1627 vidi
1377 1567 1415 1629 et
1434 1556 1594 1650 cognovi
1623 1567 1661 1629 et
1687 1557 1726 1627 in
1752 1555 1826 1626 hoc
1853 1553 1948 1626 libro
1965 1554 2066 1625 bona
2083 1551 2161 1624 fide

300 1693 316 1729 ((
332 1692 471 1787 scripsi,
500 1701 538 1763 et
566 1691 788 1763 auctoritate
816 1689 958 1761 domini
986 1689 1205 1762 Melchioris
1222 1690 1270 1762 de
1288 1688 1447 1761 Presulis
1463 1689 1596 1782 judicis
1622 1689 1791 1762 comunis
1809 1690 1967 1781 Mutine,
1986 1699 2163 1782 tempore

299 1824 521 1920 “regiminis
548 1822 690 1895 domini
718 1823 907 1920 Nicholay
926 1822 974 1895 de
991 1823 1192 1896 Bazaleriis
1218 1822 1352 1898 Mutin.
1381 1833 1473 1919 pot.,
1492 1821 1660 1917 predicta
1682 1822 1892 1918 exemplavi
1911 1833 1949 1896 et
1967 1821 2157 1917 publicavi
2188 1828 2227 1892 10

300 1957 380 2030 “ad
406 1957 479 2029 hoc
507 1967 547 2029 ut
573 1957 687 2030 robur
714 1958 909 2032 obtineant
935 1967 1112 2052 perpetue
1139 1957 1321 2032 firmitatis
1348 1968 1387 2030 et
1413 1958 1466 2030 uti
1495 1957 1636 2050 possint
1661 1956 1700 2028 in
1727 1955 1894 2052 quolibet
1911 1955 1993 2029 foro
2012 1966 2052 2028 et
2071 1953 2162 2027 loco

298 2093 444 2188 “quem
471 2089 674 2163 admodum
700 2091 779 2185 ipsa
807 2091 993 2164 autentica
1020 2093 1073 2163 uti
1100 2101 1261 2185 possent.
1315 2089 1541 2185 Exemplata
1559 2091 1704 2162 luerunt
1720 2091 1790 2163 hec
1808 2113 1875 2185 per
1891 2112 1953 2161 me
1971 2088 2163 2163 notarium

300 2228 316 2264 “
335 2225 561 2299 currentibus
588 2225 691 2298 annis
710 2225 864 2296 Domini
892 2224 1089 2298 millesimo
1117 2222 1375 2299 ducentesimo
1402 2226 1675 2320 septuagesimo
1693 2225 1814 2321 primo
1831 2223 2035 2298 indictione
2054 2244 2165 2319 quar·

300 2358 565 2453 “tadecima„.
1568 2439 1572 2451 ,

401 2493 471 2566 Chi
497 2493 572 2564 ben
599 2492 782 2565 consideri
810 2518 832 2565 e
859 2494 979 2568 faccia
1007 2493 1040 2566 le
1068 2518 1186 2588 prove
1215 2504 1437 2589 opportune,
1465 2517 1540 2565 non
1567 2495 1641 2588 pub
1669 2501 1805 2565 restare
1832 2490 1951 2564 molto
1987 2489 2164 2564 dubitoso
2192 2495 2229 2561 15

294 2627 393 2701 circa
419 2625 673 2699 l’amanuense
701 2625 798 2699 della
825 2627 992 2700 Relatio.
1048 2628 1107 2699 La
1142 2626 1384 2721 somiglianza
1421 2626 1518 2699 della
1554 2647 1618 2697 sua
1645 2625 1813 2698 scrittura
1841 2648 1914 2698 con
1940 2622 2063 2720 quella
2100 2620 2163 2693 del

291 2763 467 2834 Brunetta
494 2763 514 2831 ὲ
542 2759 616 2834 talc
645 2783 665 2830 e
693 2771 795 2835 tanta
822 2763 890 2833 che
917 2760 1121 2856 sorprende
1148 2784 1224 2832 non
1252 2784 1352 2855 poco
1381 2760 1521 2833 ch’essa
1548 2783 1624 2831 non
1651 2761 1704 2830 sia
1734 2758 1868 2832 saltata
1895 2756 1969 2852 agli
2001 2757 2112 2830 occhi
2141 2778 2163 2826 a

294 2897 420 2991 quanti
447 2895 566 2989 prima
592 2890 698 2967 d’ora
726 2895 756 2967 si
783 2919 878 2969 sono
906 2895 1041 2969 accinti
1067 2894 1141 2966 allo
1167 2895 1291 2968 studio
1319 2893 1415 2966 della
1441 2895 1604 2968 Relatio.
1659 2896 1751 2967 Non
1769 2892 1852 2964 solo
1870 2892 1906 2963 la
1923 2891 2043 2964 forma
2062 2889 2161 2962 delle

292 3029 424 3102 lettere
453 3028 742 3102 caratteristiche
771 3031 792 3098 e
819 3027 993 3120 identica‚
1022 3052 1084 3101 ma
1103 3031 1124 3098 e
1143 3028 1305 3103 identica
1321 3029 1469 3123 persino
1497 3028 1531 3100 la
1558 3028 1709 3123 leggera
1726 3027 1918 3122 pendenza
1938 3023 2036 3097 della
2053 3025 2161 3097 scrit-

293 3174 385 3252 tura,
415 3184 524 3235 come
552 3163 581 3234 si
608 3165 685 3258 pub
712 3161 924 3236 facilmente
953 3184 1146 3236 osservare
1172 3162 1436 3259 trasportando
1463 3188 1509 3234 un
1538 3161 1663 3235 lucido
1691 3162 1728 3233 di
1757 3183 1828 3233 una
1846 3159 1976 3255 parola
2002 3180 2112 3256 sopra
2130 3157 2167 3229 la
2193 3167 2233 3229 20

293 3299 413 3369 forma
440 3296 508 3368 che
537 3295 572 3367 la
599 3309 712 3371 stessa
739 3297 869 3392 parola
895 3311 1065 3393 presenta
1091 3299 1130 3369 in
1157 3297 1251 3371 altra
1277 3309 1383 3393 parte
1411 3298 1471 3369 del
1499 3296 1631 3371 codice
1660 3295 1804 3369 dovuto
1822 3294 1894 3366 alla
1911 3304 2026 3368 stessa
2042 3315 2158 3365 mano

294 3431 355 3503 del
380 3433 568 3504 Brunetta.
624 3431 686 3505 Ne
715 3449 902 3525 consegue
932 3431 999 3504 che
1028 3431 1054 3502 il
1082 3431 1215 3507 codice
1243 3431 1304 3504 del
1332 3433 1508 3527 Capitolo
1536 3430 1632 3502 deve
1660 3430 1853 3504 ascriversi
1890 3427 1964 3502 alla
1993 3427 2159 3500 seconda

295 3567 395 3640 meta
421 3563 482 3636 del
508 3563 636 3638 secolo
663 3564 753 3637 XIII
779 3589 800 3637 e
828 3588 903 3636 non
929 3568 1004 3660 pub
1034 3589 1154 3639 essere
1182 3567 1342 3640 ritenuto
1362 3566 1558 3657 anteriore,
1579 3587 1688 3638 come
1707 3562 1884 3636 dubitava
1901 3560 1928 3632 il
1948 3560 2158 3634 Cavedoni.

294 3700 434 3782 Questa
461 3699 719 3771 osservazione
748 3700 768 3770 ὲ
797 3699 834 3771 di
861 3699 1001 3794 grande
1028 3701 1270 3794 importanza‚
1298 3703 1338 3772 in
1366 3712 1502 3796 quanto
1531 3699 1599 3772 che
1627 3722 1694 3794 per
1722 3720 1801 3770 essa
1828 3707 1925 3770 resta
1961 3697 2018 3768 sin
2053 3693 2161 3767 d'ora

293 3832 457 3907 stabilito
484 3832 552 3905 che
580 3831 606 3904 il
632 3833 696 3928 piu
723 3833 850 3906 antico
876 3859 945 3907 ms.
976 3834 1075 3906 della
1102 3834 1254 3909 Relatio
1282 3838 1303 3906 e
1331 3836 1539 3930 posteriore
1567 3832 1605 3906 di
1633 3834 1732 3906 circa
1758 3856 1808 3904 un
1834 3831 1964 3905 secolo
1986 3853 2161 3902 emezzo
2188 3836 2226 3902 25

295 3966 369 4062 agli
404 3967 674 4056 avvenimenti3
702 3979 848 4040 mentre
886 3966 945 4040 chi
974 3993 1209 4065 componeva
1237 3968 1273 4040 la
1300 3980 1425 4043 nostra
1452 3968 1620 4064 preziosa
1647 3967 1815 4040 scrittura
1843 3987 1905 4038 era
1937 3974 2162 4059 contempo-

292 4124 407 4174 raneo
434 4124 456 4172 a
483 4101 612 4197 questi.
668 4101 710 4172 In
737 4125 788 4173 un
814 4101 940 4174 secolo
969 4127 990 4175 e
1018 4126 1148 4176 mezzo
1177 4127 1198 4173 e
1225 4103 1338 4198 piba
1374 4078 1500 4198 quanti
1537 4101 1881 4196 rimaneggiamenti
1917 4100 1993 4195 pub
2021 4097 2160 4171 andare

294 4245 466 4331 soggetta
491 4256 563 4305 una
590 4231 778 4311 scrittural

400 4369 546 4451 Questo
573 4392 640 4440 ms.
669 4372 690 4440 e
718 4370 846 4444 scritto
874 4369 1288 4467 diligentissimamente‚
1310 4393 1382 4444 con
1409 4370 1539 4444 lettere
1568 4371 1640 4442 alte
1668 4368 1730 4443 dai
1759 4372 1782 4442 3
1811 4370 1846 4442 ai
1875 4371 1896 4440 4
1926 4392 2030 4458 mm„
2059 4364 2158 4439 ede

293 4503 426 4576 inoltre
461 4502 717 4596 punteggiato.
771 4503 844 4576 Per
879 4501 967 4575 dare
1005 4501 1157 4576 un’idea
1193 4503 1291 4577 della
1325 4504 1622 4599 punteggiatura‚
1651 4502 1865 4599 riprodurrb
1899 4499 2159 4597 diplomatica·
2186 4506 2229 4571 30

292 4648 415 4710 mente
442 4636 455 4706 i
482 4636 592 4730 primi
609 4634 772 4729 periodi:
800 4635 931 4719 “Quia
958 4637 1086 4712 fratres
1111 4639 1291 4709 karissimi
1321 4637 1368 4710 de
1396 4639 1472 4711 vita
1500 4649 1538 4713 et
1564 4637 1742 4730 moribus,
1771 4637 1819 4709 de
1846 4636 1998 4711 transitu
2025 4646 2062 4709 et
2089 4634 2160 4705 mi·

302 4770 465 4843 “raculis
492 4769 710 4842 sanctissimi
747 4793 792 4842 ac
819 4793 966 4865 semper
1000 4768 1200 4844 venerandi
1228 4774 1341 4866 patris
1368 4773 1481 4845 nostri
1508 4771 1732 4867 gloriosique
1770 4770 1987 4846 confessoris
2023 4766 2159 4843 Christi

301 4904 545 4977 “Geminiani
563 4903 776 4976 mutinensis
793 4904 961 4978 Ecclesie
989 4905 1143 5000 presulis
1170 4906 1246 4977 iarn
1273 4905 1392 4979 multa
1419 4905 1638 4978 audivimus.
1658 4915 1696 4977 et
1714 4907 1949 5001 antiquorum
1975 4903 2159 4977 relatione

300 5040 443 5133 “atque
471 5037 652 5109 librorum
669 5037 927 5113 testificatione
956 5050 1108 5134 experta
1135 5040 1397 5134 cognovimus!
1425 5040 1512 5112 satis
1540 5039 1692 5135 dignum
1711 5039 1898 5112 duximus!
1926 5049 1966 5111 ut
1993 5060 2065 5132 que
2092 5059 2161 5107 no-

300 5173 414 5246 “stris
440 5172 671 5265 temporibus
698 5170 745 5243 de
774 5173 852 5244 eius
874 5172 1058 5246 benefitiis
1086 5173 1261 5247 uidimusl
1290 5172 1337 5244 ad
1365 5174 1588 5267 presentium
1624 5185 1662 5246 et
1697 5173 1902 5246 futurorum
1937 5170 2160 5243 memoriam
2187 5176 2229 5241 35

304 5307 483 5400 “semper
500 5302 710 5376 veneranda
728 5318 838 5399 prout
864 5328 1020 5400 superna
1046 5306 1242 5380 dictaverit
1271 5306 1470 5380 clementia
1496 5307 1627 5379 litteris
1653 5307 1912 5380 intexeremus.
1931 5328 1978 5377 ne
2006 5306 2036 5376 si
2062 5306 2159 5376 forte

304 5439 481 5514 “silentio
507 5447 720 5533 tegerentur
744 5437 831 5512 inde
858 5441 1007 5533 gravius
1032 5439 1278 5513 iudicaremur
1295 5493 1329 5538 ῃ.
1573 5515 1578 5537 ‚

401 5571 431 5645 Il
457 5583 553 5648 testo
589 5573 790 5667 capitolare
819 5576 839 5644 ὲ
868 5584 965 5648 stato
1001 5574 1212 5670 riprodotto
1240 5575 1301 5649 dal
1326 5572 1557 5650 Bortolotti¹
1586 5601 1607 5647 e
1635 5578 1674 5649 in
1699 5576 1873 5672 generale
1901 5575 1938 5684 la
1962 5576 2159 5670 stampae

295 5827 395 5880 Fabbr.
417 5838 494 5892 1257,
512 5841 600 5879 enou
613 5826 649 5878 ho
662 5827 763 5879 dorna
776 5829 937 5894 segnatura.
974 5830 1041 5879 Non
1052 5827 1142 5895 ligura
1157 5833 1201 5880 ln·
1254 5831 1368 5892 Donat,
1388 5832 1418 5880 ll
1434 5832 1529 5882 deamo
1548 5832 1579 5881 a·
1594 5831 1723 5893 alodem,
1742 5830 1873 5894 Modena,
1895 5829 1972 5883 1886.

296 5910 362 5962 iattl
381 5925 507 5980 neppure
526 5909 691 5962 nell’tudioe
708 5911 753 5963 dei
779 5911 873 5963 codici
898 5913 1048 5979 capitolari
1067 5911 1135 5964 dato
1155 5913 1200 5963 dal
1344 5910 1353 5946 ¹
1383 5915 1443 5966 Vlla
1461 5917 1493 5966 dr·
1507 5931 1556 5966 san
1578 5916 1746 5976 Geminium,
1765 5915 1824 5978 clt.‚
1843 5930 1871 5981 p.
1893 5930 1941 5967 111
1961 5930 2023 5982 agg.
